2220 4102
515 308 616 367 ..5.-

116 469 146 515 et
161 457 296 518 doctrinae
306 473 497 535 comparasse,
512 471 543 516 ut
558 457 668 536 possint
679 458 851 534 quaestiones
864 456 991 535 objectas

116 559 261 617 resolvere
277 605 284 627 ‚
306 558 487 618 meminerint
502 558 581 617 adire
602 557 745 616 doctiores
761 601 768 624 ,
784 568 813 615 et
828 557 857 614 in
883 556 990 615 talibus

117 659 222 716 meiius
236 672 371 718 versatos.
388 659 487 718 Sciant
502 671 596 716 autem
620 675 673 716 nos
686 657 716 715 in
749 656 825 715 hunc
840 656 925 714 tinem
940 657 989 714 de-

117 756 193 814 disse
208 756 356 833 speciatim
368 775 416 816 eas
431 768 527 834 partes
539 753 755 814 Poenitcntiario
774 754 874 832 majori
889 754 990 813 Eccle-

118 856 166 913 siae
182 870 284 915 nostrae
298 856 543 935 metropolitanae,
556 868 588 914 ut
602 873 666 914 cum
682 853 834 933 Theologis
850 898 858 922 ,
872 866 900 910 et
913 853 991 912 luris

118 956 255 1014 Canonici
270 958 393 1034 peritis,
413 956 493 1033 siqua
514 954 619 1024 dubia,
650 967 678 1013 et
707 966 888 1012 controversa
916 953 990 1010 circa

117 1072 162 1113 res
190 1055 373 1113 conscientian
384 1054 412 1112 in
429 1053 482 1113 hac
494 1064 590 1111 nostra
607 1050 725 1110 dioecesi
754 1050 928 1120 obveniant,
957 1049 992 1107 de

116 1154 152 1211 iis
167 1152 298 1211 conferat
311 1197 319 1221 ‚
332 1165 360 1211 ct
371 1152 525 1232 diiigenter
538 1150 675 1210 discutiat
690 1197 697 1220 ‚
723 1163 754 1209 ut
767 1161 919 1228 postquam
945 1169 991 1207 res

114 1251 260 1328 graviores
275 1248 357 1309 nobis
373 1249 592 1310 communicarit
611 1295 618 1319 ,
645 1266 757 1307 omnem
783 1246 989 1307 dubitationem

115 1349 221 1407 eximat
235 1348 271 1407 iis
285 1349 335 1427 qui
347 1349 439 1428 ipsum
455 1347 625 1408 consulendi
640 1363 724 1406 causa
739 1345 887 1405 accedent.

158 1445 327 1505 Examioent
342 1458 478 1525 praeterea
492 1449 566 1506 vires
577 1445 732 1525 iugeuii‚et
747 1445 989 1520 scientiamquam

115 1544 231 1615 hahent,
240 1564 291 1606 nec
302 1565 332 1605 sa
344 1560 451 1605 temere
462 1545 497 1604 ad
513 1545 708 1606 confessiones
722 1543 880 1603 audiendas
892 1561 989 1602 eorum

114 1644 243 1719 ingerant
260 1689 267 1714 ‚
283 1663 354 1721 quos
368 1644 500 1703 censuris
518 1648 557 1703 ita
580 1644 751 1722 quibusdam
767 1643 912 1702 involutos
927 1661 989 1701 csse

113 1741 299 1817 suspicantur
314 1787 323 1812 ,
338 1755 369 1799 ut
383 1759 447 1801 sese
459 1741 525 1799 inde
538 1742 608 1801 satis
618 1742 765 1819 explicare
778 1742 917 1801 nesciant.

157 1841 263 1897 Bonam
278 1840 401 1897 habeant
434 1839 562 1899 notitiam
591 1857 797 1909 censurarum,
824 1853 853 1898 et
875 1857 990 1897 casuum

115 1951 327 1998 reservaturum
345 1938 557 2015 ,particulatim
574 1951 666 1997 autem
682 1938 774 1997 Buttae
789 1937 818 1996 iu
832 1937 918 1996 Goena
933 1940 990 1995 Do-

117 2036 190 2095 mini
207 2035 261 2114 iegi
275 2035 386 2095 solitae:
402 2035 536 2095 similiter
550 2035 680 2096 Canones
692 2035 921 2115 poenitentiarios
937 2081 944 2106 ,
961 2051 988 2095 et

118 2148 230 2195 nostras
243 2135 294 2194 has
307 2135 517 2196 admonitiones
529 2136 753 2214 saepiusiegant.

467 2337 587 2398 CAPUT
602 2338 639 2396 tt.

338 2508 371 2546 uu
383 2505 565 2548 ntsrostatone
579 2505 760 2547 conresstmt.

156 2634 248 2705 Quum
265 2634 382 2692 dubium
393 2652 449 2692 nou
465 2633 514 2702 sit,
528 2633 596 2710 quin
609 2632 644 2703 is,
659 2633 710 2710 qui
725 2647 842 2711 peccato
858 2637 896 2712 (a)
912 2655 989 2694 mor-

148 2784 182 2847 (o)
194 2783 295 2832 Omnino
307 2783 427 2830 suadenda
447 2781 608 2831 cstconfessio
630 2780 670 2829 tali
692 2783 828 2842 Sacerdoti,
851 2784 989 2850 priusquam

113 2854 293 2899 Sacramentum
308 2847 457 2896 renitentia
470 2847 637 2895 administrare
648 2847 747 2912 incipiat
761 2849 795 2904 ;si
807 2860 884 2899 tamen
901 2869 928 2899 ca
942 2869 987 2900 nou

113 2917 221 2981 neglecta
231 2950 238 2973 ‚
249 2916 291 2962 sed
303 2914 327 2961 in
340 2914 410 2963 aliam
418 2913 612 2961 commoditatem
625 2912 697 2962 dilata
710 2949 717 2972 ‚
738 2916 841 2966 officium
866 2917 925 2966 illud
946 2935 987 2983 ag-

113 2982 238 3048 grediatur
249 2997 302 3028 cum
321 2980 413 3028 sincero
424 2979 497 3027 animi
509 2979 592 3027 dolore
605 3014 612 3037 ‚
626 2980 763 3046 peccatique
776 2984 812 3032 sui
822 2984 990 3044 detestatione,

113 3066 140 3095 ac
154 3046 276 3112 proposito
289 3047 313 3093 in
322 3053 443 3110 posterum
463 3044 596 3093 abstinendi
608 3081 616 3104 ,
638 3045 765 3095 confitendi
777 3057 801 3098 et
812 3050 969 3098 satisfaciendi
981 3071 987 3108 ;

113 3114 222 3177 quamtis
234 3112 284 3176 ejus
296 3111 409 3161 contritio
421 3119 485 3160 tanta
496 3127 542 3158 uon
550 3111 597 3171 iit,
609 3120 636 3159 ut
647 3128 702 3161 eum
714 3115 761 3162 Deo
769 3113 819 3178 jam
831 3116 967 3164 reconciliet
981 3155 988 3172 ‚

113 3193 219 3244 uereque
228 3179 343 3242 justificet
353 3195 396 3243 per
416 3178 569 3226 inhaerentem
582 3185 606 3225 et
615 3177 724 3227 diffusam
733 3181 871 3230 charitatem
886 3201 890 3227 :
905 3182 987 3230 existi-

114 3261 206 3292 mamus
220 3255 298 3292 tamen
312 3247 395 3309 ‚quod
408 3243 515 3292 mortalis
524 3243 613 3308 pcccati
627 3253 718 3292 reatum
730 3246 838 3313 effugiat.
857 3248 987 3295 videantur

113 3311 231 3373 Sylocrtcr
241 3311 314 3358 uerbo
327 3312 441 3375 Confessio
453 3346 460 3367 ‚
471 3325 486 3357 t.
500 3327 521 3371 q.
535 3314 559 3357 2.
571 3311 607 3357 Jo.
620 3313 712 3359 Medion
724 3315 773 3361 cod.
786 3317 813 3362 dc
824 3319 903 3376 poenit.
917 3322 984 3360 tract.

116 3380 139 3421 t.
148 3393 170 3436 q.
184 3379 222 3424 13.
235 3377 337 3488 il'ictorio
346 3394 366 3439 q.
385 3379 429 3427 ¹35
441 3385 465 3423 et
478 3378 525 3426 too
537 3379 564 3424 rie
577 3376 719 3441 confessione
731 3414 738 3436 ,
751 3380 872 3434 Melanos,
888 3380 985 3439 Binesei-

114 3443 168 3486 dius
181 3451 218 3494 ,et
229 3458 241 3487 a
252 3442 276 3489 ii.
