2228 4094
490 299 612 360 —l6-

116 470 146 510 se
160 449 262 510 sistant
275 496 282 518 ,
297 449 426 527 aequasi
441 450 616 527 peccatrices
632 446 856 509 misericordiam
871 492 878 517 ‚
894 459 924 506 et
938 466 989 508 vc·

17 616 20 621 ,
117 550 191 608 niam
207 549 377 629 suppliciter
392 549 428 610 de
447 547 555 609 eisdem
568 549 763 628 imploraturae
777 547 905 607 veniant.

156 649 234 707 ldem
250 665 365 706 necesse
379 647 465 706 estin
480 646 550 706 viris
565 647 744 716 observetur,
759 657 790 704 ut
802 644 940 706 uidelicet
955 648 993 705 ad

116 742 994 821 consessionesnonadmittantur,quivestituviroindecenti,

118 846 167 924 qui
182 864 251 904 auro
265 845 381 905 intextis
397 843 496 924 palliis
518 856 656 914 utuntur,
680 842 729 921 qui
749 842 864 901 lascivis
893 842 993 921 pileo-

112 964 177 1003 rum
211 943 387 1003 ornamentis
419 942 514 1001 induti
541 954 626 1013 sunt,
654 942 704 1018 qui
733 943 802 1004 item
819 959 882 1000 oum
902 943 993 1002 aruris

116 1043 274 1112 accedunt,
289 1054 338 1101 aut
354 1039 501 1100 similibus
514 1040 610 1099 rebus.

442 1218 563 1282 CAPUT
586 1220 662 1282 Vlll.

270 1393 303 1432 DE
317 1373 526 1431 rememorans
539 1390 616 1430 nullu
632 1388 839 1430 eonnlussn‘rlutt.

157 1522 248 1600 Majus
259 1521 349 1581 multo
361 1520 486 1581 studium
499 1519 697 1579 confessarius
709 1521 837 1599 ponatp'n
852 1521 994 1584 interiore

117 1621 204 1680 animi
217 1619 424 1699 preparatione
437 1617 561 1697 (quaudo
575 1636 692 1678 neeesse
704 1620 756 1695 est)
769 1619 925 1697 prudenter
939 1623 988 1682 in-

116 1717 271 1796 quirenda;
287 1736 320 1777 ea
335 1718 411 1777 enirn
430 1718 517 1796 plane
531 1716 566 1776 ad
583 1716 637 1781 boc
661 1716 876 1779 Sacramentum
893 1723 997 1798 requi-

119 1817 210 1887 ritur,
225 1814 411 1895 cerniturque
423 1818 543 1876 maxima
556 1815 584 1875 in
596 1816 687 1887 seria,
701 1828 729 1874 et
748 1816 842 1878 solida
857 1832 994 1896 peccatou

119 1935 182 1976 rum
197 1915 406 1976 examinatione
422 1935 484 1995 quae
494 1917 528 1977 ad
547 1936 777 1998 unumquemque
792 1911 937 1998 pertinet,
952 1920 993 1977 ita

121 2030 152 2076 ut
166 2018 310 2086 uniuersi,
333 2029 469 2095 quantum
485 2020 513 2075 iu'
535 2036 567 2076 se
580 2031 638 2089 est,
655 2037 718 2077 eum
736 2019 823 2078 animi
839 2019 988 2091 dolorem,

119 2114 168 2191 qni
182 2115 247 2191 jure
262 2114 290 2171 in
303 2112 357 2170 hoc
373 2113 558 2172 Sacramenta
573 2115 744 2191 requiritur,
764 2114 872 2193 babere
884 2134 995 2176 conen-

120 2223 187 2280 tur,
202 2210 378 2279 confirma,
394 2229 427 2269 aa
439 2210 580 2270 constanti
597 2210 806 2271 deliberatione
817 2211 916 2282 animi,
931 2227 993 2276 tum

120 2325 172 2385 pro
186 2306 340 2388 praeteritis
367 2306 582 2376 satisfaciendi,
599 2320 656 2365 tum
676 2307 763 2366 vitam
793 2308 821 2366 iu
845 2321 995 2386 posterum

120 2408 302 2470 emendandi.
317 2409 350 2468 ln
365 2407 470 2487 quibus
484 2397 571 2486 igitur
584 2425 646 2466 eam
661 2407 896 2486 preparationem
915 2408 996 2473 desi-

120 2509 213 2568 derari
238 2507 484 2578 animadvertent,
510 2506 604 2565 verbis
635 2507 787 2567 benevolis
819 2511 995 2585 persuadere

121 2610 320 2679 conabuntur,
344 2619 375 2666 ut
389 2607 483 2666 denrro
501 2606 704 2665 conscientiam
728 2625 807 2667 suam
822 2609 994 2688 diligentius

48 2758 53 2767 .
121 2707 299 2777 examinent,
312 2724 345 2764 ac
364 2715 442 2764 reete
457 2720 520 2763 sese
537 2717 706 2781 praeparent.

51 2798 60 2805 ‘⁵
159 2806 247 2884 Signa
275 2817 369 2864 atatem
390 2821 423 2862 cx
438 2802 543 2881 quibus
558 2802 722 2880 conjectura
738 2804 803 2883 oapi
818 2819 929 2883 potest,
943 2826 993 2869 eos

119 2905 182 2963 sine
198 2905 275 2982 justa
289 2902 498 2982 praeparatione
509 2903 544 2962 ad
560 2903 773 2963 Sacramentum
797 2908 894 2964 venire
909 2953 916 2976 ,
931 2907 993 2967 lraeo

120 3015 211 3063 suut:
231 3000 255 3061 si
284 3001 319 3060 acl
345 3001 552 3062 confessionem
575 3017 752 3080 properant,
768 3005 850 3082 quasi
877 3005 993 3083 abipsa

117 3100 309 3179 'occupatione
333 3117 428 3160 rerum
457 3119 573 3161 suarum
599 3101 713 3172 avulsi,
742 3103 823 3161 nullo
854 3105 993 3182 temporis

120 3199 212 3277 spatio
236 3198 319 3276 prius
339 3199 367 3257 in
382 3199 538 3259 orationem
560 3200 681 3269 collato,
696 3200 739 3261 rel
756 3201 780 3258 si
796 3219 845 3260 cos
859 3217 995 3279 peccato-

119 3315 182 3356 rum
203 3296 311 3355 nullam
339 3295 443 3355 habore
468 3296 657 3374 cognitionem
673 3313 831 3376 appareat:
848 3299 952 3358 deinde
967 3303 992 3358 si

121 3393 312 3455 confessarius
335 3395 393 3473 jam
420 3395 642 3472 compensent,
667 3397 779 3473 quoda
805 3397 992 3458 Confessione

122 3492 212 3551 nihilo
227 3492 321 3553 minus
333 3510 365 3552 ac
377 3506 442 3552 ante
453 3492 513 3552 suis
525 3493 554 3551 in
567 3494 692 3571 peccatis
703 3494 761 3554 sint
771 3498 992 3574 perseveraturi,
