2220 4102
482 314 604 372 ..15-

101 474 219 538 quoque
233 458 389 536 plurimum
415 460 510 529 valet,
534 461 688 540 diligenter
702 480 753 522 ens
767 463 954 523 exhortentur
970 512 977 533 ‚

101 569 355 635 praemnneantque
369 557 392 616 si
417 557 447 616 in
471 558 636 635 quaestionis
651 562 774 640 alicujus
789 562 979 639 explicatione

99 658 181 716 inter
196 674 244 716 eos
259 668 288 716 et
302 657 437 716 Pastores
452 657 594 716 sentiendi
618 661 747 737 quaedam
762 660 873 720 accidat
888 661 980 720 direr-

100 757 197 825 sitas,
212 768 243 814 nt
257 774 291 815 ea
305 775 368 815 cum
395 754 548 834 prudentia
570 775 631 816 sese
656 772 772 837 gerant,
790 778 825 818 ne
851 759 886 818 ad
901 760 980 838 vulgi

102 873 188 915 aures
204 874 236 914 ea
262 855 451 933 perveniant,
479 855 548 932 quin
575 858 671 916 statim
697 859 732 917 ad
748 878 801 937 nos
816 860 912 938 potius
928 877 979 936 pro

103 955 145 1014 rci
160 966 351 1013 controversae
365 953 535 1013 delinitione
552 970 714 1015 accurrant.

444 1152 564 1212 CAPUT
586 1154 648 1212 Vll.

305 1320 340 1360 DE
351 1320 447 1360 ntnttn
461 1318 604 1360 construet
619 1319 782 1360 votttnutntt.

146 1449 329 1509 Meminerint
355 1450 390 1509 ad
416 1463 626 1510 sacramentum
650 1450 827 1511 Poenitentiae
843 1470 899 1510 non
915 1473 980 1531 per-

106 1549 219 1608 mittere
235 1548 334 1615 venire
349 1567 421 1621 eos,
451 1549 500 1627 qni
525 1549 588 1609 sine
617 1550 796 1610 convenienti
820 1563 879 1611 tunt
903 1565 981 1612 exte-

104 1649 201 1718 riore,
217 1661 277 1706 tum
294 1647 432 1707 interiore
456 1649 544 1706 animi
559 1649 767 1731 preparatione
788 1650 888 1710 volunt
902 1670 982 1711 accc-

103 1747 193 1813 dere‚
219 1745 288 1822 quin
305 1744 395 1824 magis
414 1745 514 1804 verbis
529 1745 699 1806 charitatem
724 1747 911 1827 spirantibus.
927 1770 980 1828 pro
1039 1809 1041 1813 .

103 1857 194 1920 captu
221 1844 361 1921 cujusque
385 1843 458 1902 tales
474 1844 677 1922 alloquantur,
693 1857 721 1904 et
742 1845 840 1905 dicant
854 1848 902 1906 ubi
920 1867 982 1908 sese

107 1942 215 2000 melius
225 1959 279 2019 pro
291 1940 430 2020 dignitate
443 1943 514 2000 tanti
526 1941 700 2003 sacramenti
713 1944 924 2022 disposuerint,
943 1947 981 2004 ita

106 2041 225 2097 demum
239 2038 274 2097 ad
288 2056 320 2098 se
338 2050 523 2098 revertantur.

148 2138 248 2217 ltaque
261 2134 414 2196 mulierum
436 2155 530 2197 earum
546 2139 742 2200 confessiones
757 2159 812 2200 non
829 2141 982 2203 audiantur

104 2254 169 2312 quae
183 2248 335 2296 cerussata
344 2236 479 2309 veniunt,
492 2256 555 2316 quae
569 2238 643 2298 lucis
654 2251 787 2306 utuntur,
801 2259 864 2318 quae
879 2241 980 2301 laniem

101 2336 201 2395 stibiis
223 2335 402 2416 depingunt,
430 2356 492 2415 quae
513 2356 547 2397 ex
568 2338 687 2399 auribus
715 2337 832 2399 monilia
847 2353 980 2418 gestant,

101 2453 165 2510 quae
180 2433 295 2493 levibus
312 2477 320 2503 ‚
334 2446 363 2492 et
377 2434 459 2494 vanis
469 2436 666 2505 ornamentis,
684 2454 746 2514 quae
760 2437 863 2514 pannis
877 2440 982 2509 aureis,

100 2533 205 2603 aliisve
219 2532 366 2592 similibus
388 2533 514 2594 lasciviis
538 2548 680 2613 promptae
704 2553 737 2594 ac
757 2549 877 2613 comptae
900 2555 983 2597 acce-

101 2631 173 2691 dunt
187 2651 194 2700 ;
209 2645 238 2690 et
254 2633 296 2707 (ut
320 2633 407 2691 semel
425 2634 519 2692 omnia
535 2633 639 2710 dicam)
657 2653 720 2710 quae
735 2647 827 2693 vestes
842 2636 983 2695 modestas

102 2748 158 2810 non
173 2729 278 2789 babent
293 2749 367 2800 ,nec
379 2732 505 2811 simplici
519 2733 599 2792 cultu
612 2734 765 2804 incedunt,
783 2751 835 2792 nee
849 2734 983 2812 incapite

101 2830 197 2888 velum
213 2830 330 2908 aliquod
356 2845 474 2911 gerunt,
502 2831 577 2910 qnod
596 2833 763 2891 notabiliter
779 2850 834 2892 non
850 2847 983 2912 transpa-

100 2940 179 2994 reat‚
196 2946 295 3006 quaeve
310 2930 412 2988 saltem
428 2930 636 3007 operimentum
652 2949 686 2988 ex
702 2929 780 3000 lino,
804 2931 901 2992 lanave
914 2950 983 2992 con-

100 3025 222 3094 lectum,
235 3026 281 3082 vel
295 3026 412 3103 peplum
425 3026 513 3085 sobrii
526 3026 651 3104 alicujus
662 3026 769 3087 coloris
780 3045 840 3088 non
853 3030 961 3090 habent
974 3053 981 3090 ε

100 3124 142 3181 sic
156 3124 233 3182 enim
250 3124 336 3203 hujus
361 3125 537 3185 Sacramenti
562 3127 749 3185 reuerentiam
773 3127 857 3188 decet
870 3174 878 3199 ,
892 3143 920 3189 et
936 3133 985 3190 ita'

104 3237 222 3295 prorsus
236 3221 393 3298 cognitioni
420 3234 601 3299 peccatorum
615 3270 623 3292 ,
638 3236 667 3282 et
688 3225 724 3283 de
750 3226 855 3286 eisdem
888 3228 982 3286 dolori

103 3319 203 3378 intimo
220 3334 440 3381 consentaneum
464 3336 522 3393 est,
539 3342 623 3400 quum
647 3325 761 3385 scilicet
785 3326 909 3404 cogitare
933 3328 982 3384 de-

106 3416 191 3476 beant
203 3421 280 3496 qnod
300 3433 365 3480 ante
382 3421 506 3483 tribunal
520 3467 528 3490 ‚
541 3436 569 3481 et
583 3422 722 3500 judicium
739 3425 854 3485 Domini
867 3424 921 3481 Dei
936 3425 979 3483 sui
