2220 4102
484 357 625 415 -rst-

116 507 400 575 posternmcnuendu
414 545 422 569 ,
434 506 535 574 inqcns
562 506 600 560 ud
620 504 807 559 dmcerncndo
827 503 949 568 lumen,
974 512 999 558 et

118 603 312 658 abundantem
323 603 450 674 qratiam
463 602 674 672 udroporundn
686 601 793 656 domna
804 603 907 657 omniu
920 619 996 672 ‚qun

120 702 172 755 tibi
184 704 360 766 attulerunt,
374 701 566 774 consequeris.
826 703 829 709 ’

161 799 256 874 Apage
284 795 372 874 igitur
389 795 555 853 hesternum
575 810 712 852 novorum
737 792 889 851 hominum
920 809 992 852 conr-

121 906 271 963 mentum‚
295 894 376 972 qrrnsi
399 892 574 952 sanctissimi
597 892 653 951 viri
681 891 783 951 nudam
810 902 993 968 peccatorum

121 990 328 1067 expositionem
342 991 490 1052 Sacerdoti
507 988 737 1070 praescripserint
753 988 918 1049 iaciendum
931 1008 992 1050 con-

121 1086 180 1144 silii
196 1101 243 1146 aut
255 1088 370 1166 petendi
387 1087 504 1148 remedii
517 1105 602 1148 cause
617 1133 624 1158 ‚
640 1105 742 1166 parum
756 1085 885 1155 soliciti,
901 1098 991 1147 utrum

120 1202 232 1263 semper
246 1187 469 1265 subsequeretur
490 1185 633 1245 absolutio
649 1203 701 1243 nec
716 1201 761 1242 ne·
775 1184 877 1261 Neque
895 1201 990 1244 neccs-

120 1283 411 1360 saniaelContritionis
426 1285 589 1344 obtinendae
613 1282 811 1342 difficultatem
840 1281 927 1342 nobis
949 1281 990 1340 illi

120 1396 271 1460 tantopere
282 1397 461 1460 exaggerent.
474 1383 615 1442 Selesium
631 1381 795 1450 audiamus,
809 1381 894 1458 cujus
911 1380 990 1440 unius

120 1478 275 1537 auctoritas
290 1479 373 1536 nobis
398 1478 587 1553 plurimorum
611 1476 704 1534 instar
732 1487 786 1535 est.
801 1475 915 1544 Quuris
928 1522 935 1544 ,
950 1478 990 1535 iu·

119 1576 180 1652 quit
192 1577 265 1645 ille,
281 1575 319 1651 (1)
333 1579 470 1647 quomodo
489 1578 673 1633 contritionis
687 1584 742 1633 tum
768 1585 866 1635 netum
885 1582 988 1651 uniunt

118 1684 241 1744 ternpore
256 1676 355 1729 elicere
369 1677 477 1745 possis?
491 1674 560 1731 Dico
575 1677 627 1731 tibi
640 1677 692 1730 niu
705 1692 777 1745 opus
789 1692 847 1731 esse
858 1683 988 1748 temporo,

117 1779 148 1828 nt
159 1774 215 1827 rite
229 1773 365 1828 eliciatur
375 1790 385 1829 .·
396 1791 484 1844 quum
498 1782 611 1830 tuntum
630 1791 702 1847 opus
726 1776 765 1829 sit
779 1792 807 1829 se
828 1792 927 1831 rorant
938 1777 990 1832 lico

113 1878 295 1938 prosternere
307 1873 339 1926 in
352 1869 466 1942 Spiritu
481 1874 656 1929 humilitatis
672 1878 699 1927 ct
708 1873 817 1928 doloris
831 1914 839 1936 ‚
856 1875 933 1942 quod
947 1876 992 1944 ip·

114 1971 347 2040 innoffenderis.
360 1968 432 2027 Nam
447 1979 479 2028 ut
496 1968 535 2028 nit
555 1969 584 2029 S.
602 1967 778 2046 Augustinus
805 1967 844 2044 (l)
874 1973 935 2028 sior
956 1974 991 2028 ab

114 2067 222 2121 malurn
236 2069 313 2132 ,sion
327 2072 366 2126 ool
387 2072 491 2126 bonnm
506 2086 599 2139 paruo
620 2076 759 2125 momento
781 2070 900 2125 unimus
919 2086 990 2127 con-

116 2171 257 2221 rnntutnr.

456 2274 577 2335 CAPUT
592 2275 652 2336 XV.

468 2443 501 2482 DE
516 2441 631 2483 8161110.

154 2571 212 2630 Res
226 2571 288 2649 ipsa
304 2570 432 2648 postulet
442 2582 471 2628 et
482 2570 584 2648 populi
605 2569 723 2629 sinistra
738 2571 867 2648 quendam
886 2575 989 2636 mussi-

113 2667 201 2727 tantis
215 2668 364 2747 suspicio,
389 2678 420 2725 ut
436 2685 492 2727 non
514 2667 595 2726 nulla
620 2667 788 2746 adjiciamus
803 2669 839 2727 de
868 2670 967 2751 sigillo
982 2719 989 2743 ,

110 2763 171 2823 sive
195 2760 305 2826 secreto
329 2765 525 2826 Confessionis
551 2765 710 2825 arctissime
735 2765 889 2827 servando.
924 2771 987 2829 'lam

110 2862 179 2922 olim
197 2863 357 2923 Concilium
372 2866 565 2925 Laternnonse
580 2865 616 2924 de
639 2883 672 2925 co
693 2863 820 2943 quaedarn
837 2863 923 2926 unice
939 2886 987 2928 ue-

111 2959 234 3020 cessnrio
245 2960 382 3032 decrevit,
395 2982 457 3041 quse
472 2964 502 3022 S.
518 2962 584 3022 dein
599 2963 720 3023 Carolus
730 2961 789 3022 suis
804 2963 935 3036 statutis,
947 2965 986 3041 (2)

112 3070 141 3118 ct
156 3060 188 3118 2.
202 3056 418 3118 Mechliniensis
446 3061 576 3140 Synodus
605 3063 644 3141 (5)
659 3061 803 3131 inseruit;
821 3059 986 3133 videlicet,

112 3168 143 3216 ut
156 3160 315 3215 meminerit
327 3165 525 3233 unusquisqne
547 3161 737 3232 Contentionis
756 3164 887 3236 ciuilium
901 3167 986 3221 stric-

145 3286 184 3351 (1)
193 3283 246 3332 Lib.
256 3285 280 3330 2.
294 3291 376 3331 contra
388 3285 548 3337 Cresconium.
557 3288 615 3352 Cap.
624 3291 651 3337 9.

144 3370 181 3434 (⁹2)
194 3369 305 3416 Instruct.
315 3382 340 3431 p.
350 3367 374 3413 2.
387 3383 407 3414 c.
419 3367 460 3416 tn.

145 3451 181 3516 (5)
193 3449 239 3499 Tit.
249 3451 274 3499 5.
285 3464 335 3513 cop.
349 3449 373 3495 6.
