<?xml version="1.0" encoding="UTF-8"?>
<!DOCTYPE html PUBLIC "-//W3C//DTD XHTML 1.0 Transitional//EN"
    "http://www.w3.org/TR/xhtml1/DTD/xhtml1-transitional.dtd">
<html xmlns="http://www.w3.org/1999/xhtml" xml:lang="en" lang="en">
 <head>
  <title>
</title>
<meta http-equiv="Content-Type" content="text/html;charset=utf-8" />
  <meta name='ocr-system' content='tesseract 3.04.00' />
  <meta name='ocr-capabilities' content='ocr_page ocr_carea ocr_par ocr_line ocrx_word'/>
</head>
<body>
  <div class='ocr_page' id='page_1' title='image "./instructionesss00xavigoog/instructionesss00xavigoog_0150.png"; bbox 0 0 2220 4102; ppageno 0'>
   <div class='ocr_carea' id='block_1_1' title="bbox 547 339 690 400">
    <p class='ocr_par' dir='ltr' id='par_1_1' title="bbox 547 339 690 400">
     <span class='ocr_line' id='line_1_1' title="bbox 547 339 690 400; baseline 0.028 -3"><span class='ocrx_word' id='word_1_1' title='bbox 547 339 690 400; x_wconf 81' lang='lat'>-158-</span> 
     </span>
    </p>
   </div>
   <div class='ocr_carea' id='block_1_2' title="bbox 188 489 1073 1946">
    <p class='ocr_par' dir='ltr' id='par_1_2' title="bbox 192 489 1073 764">
     <span class='ocr_line' id='line_1_2' title="bbox 193 489 1072 562; baseline -0.001 -14"><span class='ocrx_word' id='word_1_2' title='bbox 193 493 283 558; x_wconf 82' lang='lat' dir='ltr'><strong><em>modo,</em></strong></span> <span class='ocrx_word' id='word_1_3' title='bbox 298 494 331 548; x_wconf 85' lang='lat' dir='ltr'><strong><em>de</em></strong></span> <span class='ocrx_word' id='word_1_4' title='bbox 344 495 396 547; x_wconf 87' lang='lat' dir='ltr'><strong><em>ltac</em></strong></span> <span class='ocrx_word' id='word_1_5' title='bbox 406 492 552 547; x_wconf 84' lang='lat' dir='ltr'><strong><em>convictae</em></strong></span> <span class='ocrx_word' id='word_1_6' title='bbox 566 492 644 547; x_wconf 83' lang='lat' dir='ltr'><strong><em>debet</em></strong></span> <span class='ocrx_word' id='word_1_7' title='bbox 659 491 764 562; x_wconf 83' lang='lat' dir='ltr'><strong><em>absque</em></strong></span> <span class='ocrx_word' id='word_1_8' title='bbox 778 489 858 545; x_wconf 87' lang='lat' dir='ltr'><strong><em>omni</em></strong></span> <span class='ocrx_word' id='word_1_9' title='bbox 868 490 1072 548; x_wconf 72' lang='lat' dir='ltr'><strong><em>misericordia</em></strong></span> 
     </span>
     <span class='ocr_line' id='line_1_3' title="bbox 192 590 1073 664; baseline -0.002 -15"><span class='ocrx_word' id='word_1_10' title='bbox 192 594 358 664; x_wconf 77' lang='lat' dir='ltr'><strong><em>depredari.</em></strong></span> <span class='ocrx_word' id='word_1_11' title='bbox 373 590 404 648; x_wconf 86' lang='lat' dir='ltr'><strong><em>Si</em></strong></span> <span class='ocrx_word' id='word_1_12' title='bbox 422 598 517 648; x_wconf 88' lang='lat' dir='ltr'><strong><em>tamen</em></strong></span> <span class='ocrx_word' id='word_1_13' title='bbox 528 593 659 663; x_wconf 77' lang='lat' dir='ltr'><strong><em>indipeat</em></strong></span> <span class='ocrx_word' id='word_1_14' title='bbox 674 592 803 657; x_wconf 83' lang='lat' dir='ltr'><strong><em>consitio,</em></strong></span> <span class='ocrx_word' id='word_1_15' title='bbox 821 591 898 646; x_wconf 85' lang='lat' dir='ltr'><strong><em>illud</em></strong></span> <span class='ocrx_word' id='word_1_16' title='bbox 910 590 955 664; x_wconf 87' lang='lat' dir='ltr'><strong><em>(nt</em></strong></span> <span class='ocrx_word' id='word_1_17' title='bbox 965 593 1073 649; x_wconf 82' lang='lat' dir='ltr'><strong><em>dictam</em></strong></span> 
     </span>
     <span class='ocr_line' id='line_1_4' title="bbox 192 691 911 764; baseline -0.007 -16"><span class='ocrx_word' id='word_1_18' title='bbox 192 693 245 764; x_wconf 85' lang='lat' dir='ltr'><strong><em>est)</em></strong></span> <span class='ocrx_word' id='word_1_19' title='bbox 255 694 317 748; x_wconf 82' lang='lat' dir='ltr'><strong><em>sine</em></strong></span> <span class='ocrx_word' id='word_1_20' title='bbox 329 692 513 761; x_wconf 72' lang='lat' dir='ltr'><strong><em>expressione</em></strong></span> <span class='ocrx_word' id='word_1_21' title='bbox 527 706 656 759; x_wconf 78' lang='lat' dir='ltr'><strong><em>persone</em></strong></span> <span class='ocrx_word' id='word_1_22' title='bbox 668 696 750 745; x_wconf 86' lang='lat' dir='ltr'><strong><em>cante</em></strong></span> <span class='ocrx_word' id='word_1_23' title='bbox 763 691 911 761; x_wconf 69' lang='lat' dir='ltr'><strong><em>requirat·</em></strong></span> 
     </span>
    </p>

    <p class='ocr_par' dir='ltr' id='par_1_3' title="bbox 188 782 1066 1946">
     <span class='ocr_line' id='line_1_5' title="bbox 232 782 1066 863; baseline -0.006 -18"><span class='ocrx_word' id='word_1_24' title='bbox 232 788 326 863; x_wconf 84' lang='lat' dir='ltr'><strong><em>Atque</em></strong></span> <span class='ocrx_word' id='word_1_25' title='bbox 338 785 417 844; x_wconf 86' lang='lat' dir='ltr'><strong><em>ltisce</em></strong></span> <span class='ocrx_word' id='word_1_26' title='bbox 428 783 641 861; x_wconf 88' lang='lat' dir='ltr'><strong><em>sapientissime</em></strong></span> <span class='ocrx_word' id='word_1_27' title='bbox 664 783 854 852; x_wconf 84' lang='lat' dir='ltr'><strong><em>constitutis,</em></strong></span> <span class='ocrx_word' id='word_1_28' title='bbox 877 782 1066 860; x_wconf 86' lang='lat' dir='ltr'><strong><em>prudentissi-</em></strong></span> 
     </span>
     <span class='ocr_line' id='line_1_6' title="bbox 193 881 1066 960; baseline 0 -19"><span class='ocrx_word' id='word_1_29' title='bbox 193 903 256 942; x_wconf 90' lang='lat' dir='ltr'><strong><em>mus</em></strong></span> <span class='ocrx_word' id='word_1_30' title='bbox 268 884 374 942; x_wconf 86' lang='lat' dir='ltr'><strong><em>Praesul</em></strong></span> <span class='ocrx_word' id='word_1_31' title='bbox 386 882 513 960; x_wconf 83' lang='lat' dir='ltr'><strong><em>gliscens</em></strong></span> <span class='ocrx_word' id='word_1_32' title='bbox 529 894 588 940; x_wconf 92' lang='lat' dir='ltr'><strong><em>tum</em></strong></span> <span class='ocrx_word' id='word_1_33' title='bbox 603 881 710 940; x_wconf 87' lang='lat' dir='ltr'><strong><em>malum</em></strong></span> <span class='ocrx_word' id='word_1_34' title='bbox 726 881 850 940; x_wconf 82' lang='lat' dir='ltr'><strong><em>feliciter</em></strong></span> <span class='ocrx_word' id='word_1_35' title='bbox 864 881 973 958; x_wconf 87' lang='lat' dir='ltr'><strong><em>sopivit</em></strong></span> <span class='ocrx_word' id='word_1_36' title='bbox 988 894 1066 960; x_wconf 87' lang='lat' dir='ltr'><strong><em>atquo</em></strong></span> 
     </span>
     <span class='ocr_line' id='line_1_7' title="bbox 192 980 1064 1058; baseline -0.001 -19"><span class='ocrx_word' id='word_1_37' title='bbox 192 981 346 1058; x_wconf 86' lang='lat' dir='ltr'><strong><em>oppressit.</em></strong></span> <span class='ocrx_word' id='word_1_38' title='bbox 370 981 442 1052; x_wconf 86' lang='lat' dir='ltr'><strong><em>Quis</em></strong></span> <span class='ocrx_word' id='word_1_39' title='bbox 469 993 614 1058; x_wconf 83' lang='lat' dir='ltr'><strong><em>sperasset</em></strong></span> <span class='ocrx_word' id='word_1_40' title='bbox 637 981 743 1039; x_wconf 87' lang='lat' dir='ltr'><strong><em>malum</em></strong></span> <span class='ocrx_word' id='word_1_41' title='bbox 773 980 870 1039; x_wconf 89' lang='lat' dir='ltr'><strong><em>simile</em></strong></span> <span class='ocrx_word' id='word_1_42' title='bbox 887 992 989 1040; x_wconf 88' lang='lat' dir='ltr'><strong><em>nostro</em></strong></span> <span class='ocrx_word' id='word_1_43' title='bbox 1016 980 1064 1038; x_wconf 85' lang='lat' dir='ltr'><strong><em>lroc</em></strong></span> 
     </span>
     <span class='ocr_line' id='line_1_8' title="bbox 191 1075 1064 1155; baseline -0.002 -19"><span class='ocrx_word' id='word_1_44' title='bbox 191 1090 319 1155; x_wconf 87' lang='lat' dir='ltr'><strong><em>tempore</em></strong></span> <span class='ocrx_word' id='word_1_45' title='bbox 335 1079 363 1136; x_wconf 93' lang='lat' dir='ltr'><strong><em>in</em></strong></span> <span class='ocrx_word' id='word_1_46' title='bbox 381 1077 479 1155; x_wconf 79' lang='lat' dir='ltr'><strong><em>Belgio</em></strong></span> <span class='ocrx_word' id='word_1_47' title='bbox 505 1077 656 1136; x_wconf 90' lang='lat' dir='ltr'><strong><em>Catholico</em></strong></span> <span class='ocrx_word' id='word_1_48' title='bbox 683 1077 885 1136; x_wconf 76' lang='lat' dir='ltr'><strong><em>revicturum?</em></strong></span> <span class='ocrx_word' id='word_1_49' title='bbox 913 1078 989 1137; x_wconf 90' lang='lat' dir='ltr'><strong><em>Sane</em></strong></span> <span class='ocrx_word' id='word_1_50' title='bbox 1014 1075 1064 1135; x_wconf 90' lang='lat' dir='ltr'><strong><em>uisi</em></strong></span> 
     </span>
     <span class='ocr_line' id='line_1_9' title="bbox 192 1177 1062 1256; baseline -0.001 -19"><span class='ocrx_word' id='word_1_51' title='bbox 192 1181 331 1256; x_wconf 89' lang='lat' dir='ltr'><strong><em>bonorum</em></strong></span> <span class='ocrx_word' id='word_1_52' title='bbox 345 1178 399 1236; x_wconf 88' lang='lat' dir='ltr'><strong><em>hae</em></strong></span> <span class='ocrx_word' id='word_1_53' title='bbox 412 1178 447 1236; x_wconf 89' lang='lat' dir='ltr'><strong><em>de</em></strong></span> <span class='ocrx_word' id='word_1_54' title='bbox 462 1195 493 1236; x_wconf 91' lang='lat' dir='ltr'><strong><em>re</em></strong></span> <span class='ocrx_word' id='word_1_55' title='bbox 508 1177 640 1254; x_wconf 87' lang='lat' dir='ltr'><strong><em>quaerelae</em></strong></span> <span class='ocrx_word' id='word_1_56' title='bbox 655 1177 828 1237; x_wconf 82' lang='lat' dir='ltr'><strong><em>cessaverint</em></strong></span> <span class='ocrx_word' id='word_1_57' title='bbox 841 1177 1008 1253; x_wconf 79' lang='lat' dir='ltr'><strong><em>(cessabunt</em></strong></span> <span class='ocrx_word' id='word_1_58' title='bbox 1020 1195 1062 1236; x_wconf 90' lang='lat' dir='ltr'><strong><em>au·</em></strong></span> 
     </span>
     <span class='ocr_line' id='line_1_10' title="bbox 191 1275 1062 1354; baseline -0.006 -16"><span class='ocrx_word' id='word_1_59' title='bbox 191 1292 247 1338; x_wconf 90' lang='lat' dir='ltr'><strong><em>tem</em></strong></span> <span class='ocrx_word' id='word_1_60' title='bbox 264 1277 311 1336; x_wconf 87' lang='lat' dir='ltr'><strong><em>ubi</em></strong></span> <span class='ocrx_word' id='word_1_61' title='bbox 327 1276 483 1336; x_wconf 88' lang='lat' dir='ltr'><strong><em>innovandi</em></strong></span> <span class='ocrx_word' id='word_1_62' title='bbox 495 1291 522 1335; x_wconf 91' lang='lat' dir='ltr'><strong><em>et</em></strong></span> <span class='ocrx_word' id='word_1_63' title='bbox 537 1276 726 1354; x_wconf 89' lang='lat' dir='ltr'><strong><em>perturbandi</em></strong></span> <span class='ocrx_word' id='word_1_64' title='bbox 739 1275 834 1334; x_wconf 87' lang='lat' dir='ltr'><strong><em>omnia</em></strong></span> <span class='ocrx_word' id='word_1_65' title='bbox 849 1275 879 1334; x_wconf 92' lang='lat' dir='ltr'><strong><em>in</em></strong></span> <span class='ocrx_word' id='word_1_66' title='bbox 895 1275 1062 1354; x_wconf 87' lang='lat' dir='ltr'><strong><em>quibusdan</em></strong></span> 
     </span>
     <span class='ocr_line' id='line_1_11' title="bbox 190 1376 1062 1456; baseline -0.005 -19"><span class='ocrx_word' id='word_1_67' title='bbox 190 1381 306 1456; x_wconf 84' lang='lat' dir='ltr'><strong><em>prurigo</em></strong></span> <span class='ocrx_word' id='word_1_68' title='bbox 319 1377 481 1454; x_wconf 86' lang='lat' dir='ltr'><strong><em>cessaverit)</em></strong></span> <span class='ocrx_word' id='word_1_69' title='bbox 498 1376 532 1435; x_wconf 90' lang='lat' dir='ltr'><strong><em>ad</em></strong></span> <span class='ocrx_word' id='word_1_70' title='bbox 552 1377 664 1436; x_wconf 83' lang='lat' dir='ltr'><strong><em>similes</em></strong></span> <span class='ocrx_word' id='word_1_71' title='bbox 693 1377 750 1437; x_wconf 88' lang='lat' dir='ltr'><strong><em>reis</em></strong></span> <span class='ocrx_word' id='word_1_72' title='bbox 773 1395 872 1456; x_wconf 87' lang='lat' dir='ltr'><strong><em>poenas</em></strong></span> <span class='ocrx_word' id='word_1_73' title='bbox 900 1376 1062 1456; x_wconf 84' lang='lat' dir='ltr'><strong><em>infligendas</em></strong></span> 
     </span>
     <span class='ocr_line' id='line_1_12' title="bbox 191 1472 1063 1553; baseline -0.002 -19"><span class='ocrx_word' id='word_1_74' title='bbox 191 1475 285 1553; x_wconf 80' lang='lat' dir='ltr'><strong><em>adigat</em></strong></span> <span class='ocrx_word' id='word_1_75' title='bbox 300 1474 384 1532; x_wconf 87' lang='lat' dir='ltr'><strong><em>etiam</em></strong></span> <span class='ocrx_word' id='word_1_76' title='bbox 400 1473 517 1532; x_wconf 89' lang='lat' dir='ltr'><strong><em>invitus.</em></strong></span> <span class='ocrx_word' id='word_1_77' title='bbox 534 1472 610 1550; x_wconf 88' lang='lat' dir='ltr'><strong><em>Opto</em></strong></span> <span class='ocrx_word' id='word_1_78' title='bbox 637 1474 753 1532; x_wconf 83' lang='lat' dir='ltr'><strong><em>interim</em></strong></span> <span class='ocrx_word' id='word_1_79' title='bbox 780 1487 811 1534; x_wconf 92' lang='lat' dir='ltr'><strong><em>ut</em></strong></span> <span class='ocrx_word' id='word_1_80' title='bbox 837 1473 970 1534; x_wconf 91' lang='lat' dir='ltr'><strong><em>consiliis</em></strong></span> <span class='ocrx_word' id='word_1_81' title='bbox 992 1473 1063 1532; x_wconf 86' lang='lat' dir='ltr'><strong><em>hisce</em></strong></span> 
     </span>
     <span class='ocr_line' id='line_1_13' title="bbox 191 1569 1063 1649; baseline -0.003 -18"><span class='ocrx_word' id='word_1_82' title='bbox 191 1572 296 1632; x_wconf 91' lang='lat' dir='ltr'><strong><em>nostris</em></strong></span> <span class='ocrx_word' id='word_1_83' title='bbox 306 1570 401 1649; x_wconf 88' lang='lat' dir='ltr'><strong><em>potius</em></strong></span> <span class='ocrx_word' id='word_1_84' title='bbox 414 1615 421 1639; x_wconf 94' lang='lat'>‚</span> <span class='ocrx_word' id='word_1_85' title='bbox 434 1587 517 1646; x_wconf 88' lang='lat' dir='ltr'><strong><em>quam</em></strong></span> <span class='ocrx_word' id='word_1_86' title='bbox 534 1569 663 1630; x_wconf 90' lang='lat' dir='ltr'><strong><em>censuris</em></strong></span> <span class='ocrx_word' id='word_1_87' title='bbox 680 1617 688 1641; x_wconf 89' lang='lat'><strong><em>‚</em></strong></span> <span class='ocrx_word' id='word_1_88' title='bbox 705 1581 792 1648; x_wconf 87' lang='lat' dir='ltr'><strong><em>atque</em></strong></span> <span class='ocrx_word' id='word_1_89' title='bbox 804 1572 900 1649; x_wconf 89' lang='lat' dir='ltr'><strong><em>poenis</em></strong></span> <span class='ocrx_word' id='word_1_90' title='bbox 915 1569 1063 1639; x_wconf 87' lang='lat' dir='ltr'><strong><em>deterriti,</em></strong></span> 
     </span>
     <span class='ocr_line' id='line_1_14' title="bbox 188 1668 1063 1749; baseline -0.005 -17"><span class='ocrx_word' id='word_1_91' title='bbox 188 1674 218 1732; x_wconf 91' lang='lat' dir='ltr'><strong><em>in</em></strong></span> <span class='ocrx_word' id='word_1_92' title='bbox 231 1672 304 1729; x_wconf 85' lang='lat' dir='ltr'><strong><em>viam</em></strong></span> <span class='ocrx_word' id='word_1_93' title='bbox 321 1672 435 1729; x_wconf 85' lang='lat' dir='ltr'><strong><em>Patrum</em></strong></span> <span class='ocrx_word' id='word_1_94' title='bbox 452 1668 572 1729; x_wconf 78' lang='lat' dir='ltr'><strong><em>redeant</em></strong></span> <span class='ocrx_word' id='word_1_95' title='bbox 586 1715 594 1740; x_wconf 88' lang='lat'>‚</span> <span class='ocrx_word' id='word_1_96' title='bbox 610 1682 639 1729; x_wconf 90' lang='lat' dir='ltr'><strong><em>et</em></strong></span> <span class='ocrx_word' id='word_1_97' title='bbox 663 1670 811 1749; x_wconf 84' lang='lat' dir='ltr'><strong><em>pestiferis</em></strong></span> <span class='ocrx_word' id='word_1_98' title='bbox 826 1671 1005 1731; x_wconf 84' lang='lat' dir='ltr'><strong><em>novitatibus</em></strong></span> <span class='ocrx_word' id='word_1_99' title='bbox 1015 1669 1063 1729; x_wconf 90' lang='lat' dir='ltr'><strong><em>mi·</em></strong></span> 
     </span>
     <span class='ocr_line' id='line_1_15' title="bbox 190 1768 1064 1849; baseline -0.001 -21"><span class='ocrx_word' id='word_1_100' title='bbox 190 1770 323 1847; x_wconf 89' lang='lat' dir='ltr'><strong><em>nimeque</em></strong></span> <span class='ocrx_word' id='word_1_101' title='bbox 338 1768 496 1829; x_wconf 83' lang='lat' dir='ltr'><strong><em>tolerandis</em></strong></span> <span class='ocrx_word' id='word_1_102' title='bbox 511 1768 689 1841; x_wconf 82' lang='lat' dir='ltr'><strong><em>valedicam,</em></strong></span> <span class='ocrx_word' id='word_1_103' title='bbox 710 1780 852 1849; x_wconf 85' lang='lat' dir='ltr'><strong><em>quotquot</em></strong></span> <span class='ocrx_word' id='word_1_104' title='bbox 865 1770 921 1829; x_wconf 89' lang='lat' dir='ltr'><strong><em>hae</em></strong></span> <span class='ocrx_word' id='word_1_105' title='bbox 936 1769 967 1829; x_wconf 91' lang='lat' dir='ltr'><strong><em>in</em></strong></span> <span class='ocrx_word' id='word_1_106' title='bbox 989 1780 1064 1849; x_wconf 87' lang='lat' dir='ltr'><strong><em>parte</em></strong></span> 
     </span>
     <span class='ocr_line' id='line_1_16' title="bbox 190 1866 695 1946; baseline -0.002 -21"><span class='ocrx_word' id='word_1_107' title='bbox 190 1866 330 1928; x_wconf 84' lang='lat' dir='ltr'><strong><em>deiecisse</em></strong></span> <span class='ocrx_word' id='word_1_108' title='bbox 345 1887 402 1928; x_wconf 92' lang='lat' dir='ltr'><strong><em>uon</em></strong></span> <span class='ocrx_word' id='word_1_109' title='bbox 416 1886 488 1927; x_wconf 88' lang='lat' dir='ltr'><strong><em>vana</em></strong></span> <span class='ocrx_word' id='word_1_110' title='bbox 502 1868 626 1946; x_wconf 86' lang='lat' dir='ltr'><strong><em>suspicio</em></strong></span> <span class='ocrx_word' id='word_1_111' title='bbox 642 1878 695 1926; x_wconf 88' lang='lat' dir='ltr'><strong><em>est.</em></strong></span> 
     </span>
    </p>
   </div>
   <div class='ocr_carea' id='block_1_3' title="bbox 510 2045 745 2110">
    <p class='ocr_par' dir='ltr' id='par_1_4' title="bbox 510 2045 745 2110">
     <span class='ocr_line' id='line_1_17' title="bbox 510 2045 745 2110; baseline -0.017 -3"><span class='ocrx_word' id='word_1_112' title='bbox 510 2046 632 2110; x_wconf 80' lang='lat' dir='ltr'><strong>CAPUT</strong></span> <span class='ocrx_word' id='word_1_113' title='bbox 643 2045 745 2105; x_wconf 87' lang='lat' dir='ltr'><strong><em>XVlll.</em></strong></span> 
     </span>
    </p>
   </div>
   <div class='ocr_carea' id='block_1_4' title="bbox 412 2209 840 2258">
    <p class='ocr_par' dir='ltr' id='par_1_5' title="bbox 412 2209 840 2258">
     <span class='ocr_line' id='line_1_18' title="bbox 412 2209 840 2258; baseline 0.012 -10"><span class='ocrx_word' id='word_1_114' title='bbox 412 2211 446 2249; x_wconf 81' lang='lat' dir='ltr'><strong><em>DE</em></strong></span> <span class='ocrx_word' id='word_1_115' title='bbox 461 2209 646 2251; x_wconf 72' lang='lat' dir='ltr'><strong><em>contumulatus</em></strong></span> <span class='ocrx_word' id='word_1_116' title='bbox 661 2211 840 2258; x_wconf 68' lang='lat' dir='ltr'><strong><em>rennuentem.</em></strong></span> 
     </span>
    </p>
   </div>
   <div class='ocr_carea' id='block_1_5' title="bbox 185 2353 1066 3418">
    <p class='ocr_par' dir='ltr' id='par_1_6' title="bbox 185 2353 1066 3418">
     <span class='ocr_line' id='line_1_19' title="bbox 230 2353 1066 2438; baseline 0.013 -24"><span class='ocrx_word' id='word_1_117' title='bbox 230 2356 313 2428; x_wconf 78' lang='lat' dir='ltr'><strong><em>Quod</em></strong></span> <span class='ocrx_word' id='word_1_118' title='bbox 329 2354 363 2413; x_wconf 90' lang='lat' dir='ltr'><strong><em>ad</em></strong></span> <span class='ocrx_word' id='word_1_119' title='bbox 372 2353 436 2414; x_wconf 90' lang='lat' dir='ltr'><strong><em>Cibi</em></strong></span> <span class='ocrx_word' id='word_1_120' title='bbox 448 2354 641 2414; x_wconf 88' lang='lat' dir='ltr'><strong><em>Eucharistiei</em></strong></span> <span class='ocrx_word' id='word_1_121' title='bbox 667 2360 859 2434; x_wconf 89' lang='lat' dir='ltr'><strong><em>sumptionem</em></strong></span> <span class='ocrx_word' id='word_1_122' title='bbox 881 2373 1016 2438; x_wconf 87' lang='lat' dir='ltr'><strong><em>spectat,</em></strong></span> <span class='ocrx_word' id='word_1_123' title='bbox 1032 2364 1066 2424; x_wconf 89' lang='lat' dir='ltr'><strong><em>de</em></strong></span> 
     </span>
     <span class='ocr_line' id='line_1_20' title="bbox 189 2454 1063 2533; baseline 0.014 -19"><span class='ocrx_word' id='word_1_124' title='bbox 189 2477 243 2532; x_wconf 85' lang='lat' dir='ltr'><strong><em>qua</em></strong></span> <span class='ocrx_word' id='word_1_125' title='bbox 257 2458 315 2533; x_wconf 88' lang='lat' dir='ltr'><strong><em>jam</em></strong></span> <span class='ocrx_word' id='word_1_126' title='bbox 332 2454 438 2512; x_wconf 88' lang='lat' dir='ltr'><strong><em>mentio</em></strong></span> <span class='ocrx_word' id='word_1_127' title='bbox 452 2454 591 2512; x_wconf 90' lang='lat' dir='ltr'><strong><em>nonnulla</em></strong></span> <span class='ocrx_word' id='word_1_128' title='bbox 606 2473 694 2533; x_wconf 86' lang='lat' dir='ltr'><strong><em>supra</em></strong></span> <span class='ocrx_word' id='word_1_129' title='bbox 702 2456 777 2515; x_wconf 88' lang='lat' dir='ltr'><strong><em>laeta</em></strong></span> <span class='ocrx_word' id='word_1_130' title='bbox 787 2468 842 2526; x_wconf 89' lang='lat' dir='ltr'><strong><em>est,</em></strong></span> <span class='ocrx_word' id='word_1_131' title='bbox 858 2459 962 2520; x_wconf 79' lang='lat' dir='ltr'><strong><em>Cinam</em></strong></span> <span class='ocrx_word' id='word_1_132' title='bbox 975 2468 1063 2533; x_wconf 84' lang='lat' dir='ltr'><strong><em>illam,</em></strong></span> 
     </span>
     <span class='ocr_line' id='line_1_21' title="bbox 188 2550 1065 2631; baseline 0.01 -20"><span class='ocrx_word' id='word_1_133' title='bbox 188 2566 220 2611; x_wconf 92' lang='lat' dir='ltr'><strong><em>ut</em></strong></span> <span class='ocrx_word' id='word_1_134' title='bbox 234 2554 316 2609; x_wconf 86' lang='lat' dir='ltr'><strong><em>docet</em></strong></span> <span class='ocrx_word' id='word_1_135' title='bbox 331 2550 500 2608; x_wconf 85' lang='lat' dir='ltr'><strong><em>Tridentina</em></strong></span> <span class='ocrx_word' id='word_1_136' title='bbox 522 2551 653 2629; x_wconf 87' lang='lat' dir='ltr'><strong><em>Synodus</em></strong></span> <span class='ocrx_word' id='word_1_137' title='bbox 672 2554 710 2631; x_wconf 84' lang='lat' dir='ltr'><strong><em>(l)</em></strong></span> <span class='ocrx_word' id='word_1_138' title='bbox 728 2555 865 2615; x_wconf 80' lang='lat' dir='ltr'><strong><em>Salvator</em></strong></span> <span class='ocrx_word' id='word_1_139' title='bbox 878 2570 979 2620; x_wconf 83' lang='lat' dir='ltr'><strong><em>noster</em></strong></span> <span class='ocrx_word' id='word_1_140' title='bbox 992 2567 1065 2623; x_wconf 81' lang='lat' dir='ltr'><strong><em>anmi</em></strong></span> 
     </span>
     <span class='ocr_line' id='line_1_22' title="bbox 187 2652 1063 2736; baseline 0.014 -27"><span class='ocrx_word' id='word_1_141' title='bbox 187 2654 279 2709; x_wconf 84' lang='lat' dir='ltr'><strong><em>noluit</em></strong></span> <span class='ocrx_word' id='word_1_142' title='bbox 297 2693 304 2716; x_wconf 92' lang='lat'>‚</span> <span class='ocrx_word' id='word_1_143' title='bbox 327 2657 474 2720; x_wconf 83' lang='lat' dir='ltr'><strong><em>tamqnam</em></strong></span> <span class='ocrx_word' id='word_1_144' title='bbox 488 2652 671 2718; x_wconf 82' lang='lat' dir='ltr'><strong><em>antidotum,</em></strong></span> <span class='ocrx_word' id='word_1_145' title='bbox 687 2671 743 2725; x_wconf 87' lang='lat' dir='ltr'><strong><em>qno</em></strong></span> <span class='ocrx_word' id='word_1_146' title='bbox 767 2658 925 2714; x_wconf 83' lang='lat' dir='ltr'><strong><em>liberemur</em></strong></span> <span class='ocrx_word' id='word_1_147' title='bbox 939 2679 958 2717; x_wconf 92' lang='lat' dir='ltr'><strong><em>a</em></strong></span> <span class='ocrx_word' id='word_1_148' title='bbox 974 2665 1063 2736; x_wconf 80' lang='lat' dir='ltr'><strong><em>calpis</em></strong></span> 
     </span>
     <span class='ocr_line' id='line_1_23' title="bbox 186 2753 1063 2828; baseline 0.011 -18"><span class='ocrx_word' id='word_1_149' title='bbox 186 2753 368 2824; x_wconf 81' lang='lat' dir='ltr'><strong><em>quotidianis</em></strong></span> <span class='ocrx_word' id='word_1_150' title='bbox 382 2759 407 2808; x_wconf 88' lang='lat' dir='ltr'><strong><em>et</em></strong></span> <span class='ocrx_word' id='word_1_151' title='bbox 422 2770 440 2808; x_wconf 93' lang='lat' dir='ltr'><strong><em>a</em></strong></span> <span class='ocrx_word' id='word_1_152' title='bbox 452 2753 580 2823; x_wconf 81' lang='lat' dir='ltr'><strong><em>peccatis</em></strong></span> <span class='ocrx_word' id='word_1_153' title='bbox 593 2756 763 2812; x_wconf 83' lang='lat' dir='ltr'><strong><em>mortalibus</em></strong></span> <span class='ocrx_word' id='word_1_154' title='bbox 783 2774 1003 2828; x_wconf 82' lang='lat' dir='ltr'><strong><em>praeeroemnr.</em></strong></span> <span class='ocrx_word' id='word_1_155' title='bbox 1022 2762 1063 2822; x_wconf 82' lang='lat' dir='ltr'><strong><em>Ex</em></strong></span> 
     </span>
     <span class='ocr_line' id='line_1_24' title="bbox 188 2848 1062 2939; baseline 0.013 -33"><span class='ocrx_word' id='word_1_156' title='bbox 188 2868 243 2925; x_wconf 93' lang='lat' dir='ltr'><strong><em>quo</em></strong></span> <span class='ocrx_word' id='word_1_157' title='bbox 265 2859 343 2924; x_wconf 84' lang='lat' dir='ltr'><strong><em>patet</em></strong></span> <span class='ocrx_word' id='word_1_158' title='bbox 368 2867 452 2927; x_wconf 88' lang='lat' dir='ltr'><strong><em>quam</em></strong></span> <span class='ocrx_word' id='word_1_159' title='bbox 482 2848 572 2928; x_wconf 89' lang='lat' dir='ltr'><strong><em>inepti</em></strong></span> <span class='ocrx_word' id='word_1_160' title='bbox 599 2850 658 2909; x_wconf 89' lang='lat' dir='ltr'><strong><em>sint</em></strong></span> <span class='ocrx_word' id='word_1_161' title='bbox 687 2852 845 2912; x_wconf 85' lang='lat' dir='ltr'><strong><em>animarum</em></strong></span> <span class='ocrx_word' id='word_1_162' title='bbox 868 2855 997 2932; x_wconf 78' lang='lat' dir='ltr'><strong><em>medici,</em></strong></span> <span class='ocrx_word' id='word_1_163' title='bbox 1014 2859 1062 2939; x_wconf 90' lang='lat' dir='ltr'><strong><em>qui</em></strong></span> 
     </span>
     <span class='ocr_line' id='line_1_25' title="bbox 186 2946 1062 3036; baseline 0.018 -35"><span class='ocrx_word' id='word_1_164' title='bbox 186 2956 306 3023; x_wconf 87' lang='lat' dir='ltr'><strong><em>propter</em></strong></span> <span class='ocrx_word' id='word_1_165' title='bbox 321 2946 503 3019; x_wconf 83' lang='lat' dir='ltr'><strong><em>quotidianas</em></strong></span> <span class='ocrx_word' id='word_1_166' title='bbox 518 2947 701 3009; x_wconf 84' lang='lat' dir='ltr'><strong><em>infirmitates</em></strong></span> <span class='ocrx_word' id='word_1_167' title='bbox 716 2950 873 3029; x_wconf 89' lang='lat' dir='ltr'><strong><em>lapsusque</em></strong></span> <span class='ocrx_word' id='word_1_168' title='bbox 888 2971 946 3012; x_wconf 91' lang='lat' dir='ltr'><strong><em>non</em></strong></span> <span class='ocrx_word' id='word_1_169' title='bbox 963 2974 1062 3036; x_wconf 76' lang='lat' dir='ltr'><strong><em>graves</em></strong></span> 
     </span>
     <span class='ocr_line' id='line_1_26' title="bbox 186 3042 1061 3128; baseline 0.013 -25"><span class='ocrx_word' id='word_1_170' title='bbox 186 3042 291 3103; x_wconf 88' lang='lat' dir='ltr'><strong><em>abhoc</em></strong></span> <span class='ocrx_word' id='word_1_171' title='bbox 307 3042 416 3100; x_wconf 80' lang='lat' dir='ltr'><strong><em>celesti</em></strong></span> <span class='ocrx_word' id='word_1_172' title='bbox 444 3045 550 3122; x_wconf 85' lang='lat' dir='ltr'><strong><em>pabulo</em></strong></span> <span class='ocrx_word' id='word_1_173' title='bbox 579 3059 690 3108; x_wconf 91' lang='lat' dir='ltr'><strong><em>mentes</em></strong></span> <span class='ocrx_word' id='word_1_174' title='bbox 717 3049 865 3110; x_wconf 82' lang='lat' dir='ltr'><strong><em>famelicas</em></strong></span> <span class='ocrx_word' id='word_1_175' title='bbox 894 3053 1061 3128; x_wconf 83' lang='lat' dir='ltr'><strong><em>deterrent,</em></strong></span> 
     </span>
     <span class='ocr_line' id='line_1_27' title="bbox 186 3146 1059 3228; baseline 0.016 -28"><span class='ocrx_word' id='word_1_176' title='bbox 186 3159 279 3217; x_wconf 90' lang='lat' dir='ltr'><strong><em>neque</em></strong></span> <span class='ocrx_word' id='word_1_177' title='bbox 293 3150 426 3198; x_wconf 87' lang='lat' dir='ltr'><strong><em>verentur</em></strong></span> <span class='ocrx_word' id='word_1_178' title='bbox 439 3181 448 3210; x_wconf 82' lang='lat'>‚</span> <span class='ocrx_word' id='word_1_179' title='bbox 463 3160 497 3200; x_wconf 86' lang='lat' dir='ltr'><strong><em>ne</em></strong></span> <span class='ocrx_word' id='word_1_180' title='bbox 512 3158 650 3222; x_wconf 80' lang='lat' dir='ltr'><strong><em>cogantur</em></strong></span> <span class='ocrx_word' id='word_1_181' title='bbox 664 3146 820 3224; x_wconf 87' lang='lat' dir='ltr'><strong><em>aliquando</em></strong></span> <span class='ocrx_word' id='word_1_182' title='bbox 846 3147 1059 3228; x_wconf 83' lang='lat' dir='ltr'><strong><em>ingemiscere,</em></strong></span> 
     </span>
     <span class='ocr_line' id='line_1_28' title="bbox 185 3236 1058 3319; baseline 0.014 -21"><span class='ocrx_word' id='word_1_183' title='bbox 185 3240 259 3319; x_wconf 89' lang='lat' dir='ltr'><strong><em>quod</em></strong></span> <span class='ocrx_word' id='word_1_184' title='bbox 273 3237 384 3295; x_wconf 87' lang='lat' dir='ltr'><strong><em>delectu</em></strong></span> <span class='ocrx_word' id='word_1_185' title='bbox 399 3236 483 3314; x_wconf 89' lang='lat' dir='ltr'><strong><em>hujus</em></strong></span> <span class='ocrx_word' id='word_1_186' title='bbox 495 3239 744 3303; x_wconf 80' lang='lat' dir='ltr'><strong><em>dirinmalimoniat</em></strong></span> <span class='ocrx_word' id='word_1_187' title='bbox 755 3261 804 3302; x_wconf 90' lang='lat' dir='ltr'><strong><em>cor</em></strong></span> <span class='ocrx_word' id='word_1_188' title='bbox 815 3253 1058 3312; x_wconf 83' lang='lat' dir='ltr'><strong><em>suumexaruerit.</em></strong></span> 
     </span>
     <span class='ocr_line' id='line_1_29' title="bbox 186 3334 1059 3418; baseline 0.013 -21"><span class='ocrx_word' id='word_1_189' title='bbox 186 3343 282 3418; x_wconf 78' lang='lat' dir='ltr'><strong><em>Longe</em></strong></span> <span class='ocrx_word' id='word_1_190' title='bbox 294 3334 380 3394; x_wconf 84' lang='lat' dir='ltr'><strong><em>aliter</em></strong></span> <span class='ocrx_word' id='word_1_191' title='bbox 395 3353 531 3397; x_wconf 90' lang='lat' dir='ltr'><strong><em>censuere</em></strong></span> <span class='ocrx_word' id='word_1_192' title='bbox 556 3340 716 3402; x_wconf 89' lang='lat' dir='ltr'><strong><em>Tridentini</em></strong></span> <span class='ocrx_word' id='word_1_193' title='bbox 741 3341 840 3404; x_wconf 86' lang='lat' dir='ltr'><strong><em>Patres</em></strong></span> <span class='ocrx_word' id='word_1_194' title='bbox 856 3392 863 3418; x_wconf 88' lang='lat'>,</span> <span class='ocrx_word' id='word_1_195' title='bbox 879 3359 912 3406; x_wconf 90' lang='lat' dir='ltr'><strong><em>ut</em></strong></span> <span class='ocrx_word' id='word_1_196' title='bbox 936 3360 1059 3411; x_wconf 86' lang='lat' dir='ltr'><strong><em>testatur</em></strong></span> 
     </span>
    </p>
   </div>
   <div class='ocr_carea' id='block_1_6' title="bbox 218 3470 449 3537">
    <p class='ocr_par' dir='ltr' id='par_1_7' title="bbox 218 3470 449 3537">
     <span class='ocr_line' id='line_1_30' title="bbox 218 3470 449 3537; baseline -0.022 -17"><span class='ocrx_word' id='word_1_197' title='bbox 218 3473 253 3537; x_wconf 91' lang='lat' dir='ltr'><strong><em>(l)</em></strong></span> <span class='ocrx_word' id='word_1_198' title='bbox 265 3473 326 3520; x_wconf 85' lang='lat' dir='ltr'><strong><em>Sors.</em></strong></span> <span class='ocrx_word' id='word_1_199' title='bbox 341 3471 379 3518; x_wconf 77' lang='lat' dir='ltr'><strong><em>ta.</em></strong></span> <span class='ocrx_word' id='word_1_200' title='bbox 392 3485 412 3516; x_wconf 87' lang='lat' dir='ltr'><strong><em>e.</em></strong></span> <span class='ocrx_word' id='word_1_201' title='bbox 425 3470 449 3515; x_wconf 76' lang='grc' dir='ltr'><strong><em>Ξ.</em></strong></span> 
     </span>
    </p>
   </div>
   <div class='ocr_carea' id='block_1_7' title="bbox 0 0 1114 4102">
    <p class='ocr_par' dir='ltr' id='par_1_8' title="bbox 0 0 1114 4102">
     <span class='ocr_line' id='line_1_31' title="bbox 0 0 1114 4102; baseline 0 2"><span class='ocrx_word' id='word_1_202' title='bbox 0 0 1114 4102; x_wconf 95' lang='lat' dir='ltr'><strong><em> </em></strong></span> 
     </span>
    </p>
   </div>
  </div>
 </body>
</html>
