2228 4094
504 283 604 340 ..p-

114 444 163 490 net
179 450 308 503 ,summa
324 448 386 489 cunr
399 428 548 506 diligentia
565 441 668 488 nostrae
682 431 871 492 sollicitudini
881 453 986 512 coope-

114 532 171 589 rari
186 533 292 597 velint,
308 541 488 606 nostramque
505 529 689 589 intentionem
713 533 741 590 in
773 552 806 590 eo
833 534 954 609 positam
978 581 985 602 ,

115 646 145 689 ut
162 632 284 710 populus
299 627 504 696 Christianus,
533 648 616 707 quem
635 630 771 690 Dominus
789 632 869 690 nohis
884 651 986 708 regen-

115 733 181 789 dum
196 728 335 797 tradidit,
350 727 378 784 in
394 727 468 786 viam
479 728 582 788 salutis
596 731 744 790 commode
757 731 904 809 dirigatur,
919 751 992 808 pro-

116 845 229 888 movere
243 845 295 906 pro
310 845 362 887 sua
374 826 451 884 virili
467 827 611 887 studeant.

154 925 260 985 Nullus
272 942 364 1002 neque
378 924 524 984 saecularis
541 971 548 995 ,
573 944 665 1004 neque
691 927 831 1006 regularis
846 930 989 988 Sacerdos

114 1023 294 1082 Poenitentiae
314 1023 529 1082 Sacramentum
554 1023 669 1102 aggredi
685 1038 837 1103 praesumat
853 1072 860 1096 ,
877 1027 900 1084 si
930 1046 989 1085 non

115 1122 369 1201 approbationem,
397 1133 425 1180 et
439 1120 585 1180 licentiam
601 1135 667 1183 ante
680 1138 806 1184 nostram
823 1125 853 1183 in
875 1125 992 1203 scriptis

115 1221 218 1280 haheat
236 1267 243 1290 ,
259 1233 290 1277 ut
305 1219 360 1278 rite
377 1219 538 1279 Concilium
554 1219 754 1280 Tridentinum
766 1223 923 1291 ordinavit;
942 1222 988 1280 sin

116 1321 200 1378 aliter
215 1319 337 1387 lecerit,
353 1318 655 1378 excommunicationis
676 1339 787 1398 poenam
813 1322 875 1399 ipso
889 1322 964 1380 sacto
984 1368 993 1391 ,

114 1421 193 1498 juxta
209 1417 293 1497 primi
306 1417 429 1477 Concilii
442 1420 531 1484 nostri
557 1420 741 1498 provincialis
757 1421 795 1498 (a)
824 1421 970 1480 decretum
987 1471 994 1491 ,

115 1519 271 1577 iucurrisse
286 1537 316 1576 se
332 1520 459 1586 noverit;
476 1519 540 1577 etsi
555 1538 666 1579 sacrum
684 1519 776 1578 Missae
788 1520 909 1580 officium
926 1541 992 1598 pos-

117 1629 161 1674 tea
178 1617 323 1686 celebret,
346 1615 513 1694 irregularis
527 1617 592 1676 erit.

158 1715 262 1774 Caveat
277 1726 369 1774 autern
384 1715 438 1774 sibi
460 1716 582 1794 quisque
604 1716 697 1776 bacin
714 1737 765 1789 re,
797 1738 831 1776 ne
855 1732 992 1795 praetextu

117 1813 236 1872 minoris
264 1813 378 1885 aetatis,
406 1833 436 1874 se
465 1815 599 1875 abducia
626 1829 704 1876 recto
732 1818 880 1894 patiatur,
909 1821 993 1895 quasi

117 1914 199 1992 pueri
214 1914 274 1972 sint
289 1962 296 1983 ‚
313 1916 361 1992 qui
376 1916 499 1975 nondum
515 1917 549 1975 ad
566 1935 647 1976 usum
660 1916 780 1977 rationis
796 1917 994 1994 pervenerint,

119 2031 240 2088 quorum
256 2013 336 2070 audit
348 2014 564 2075 consessiones:
589 2017 663 2075 solet
689 2018 764 2074 eninr
793 2034 844 2073 usu
874 2014 992 2085 venire,

118 2123 149 2166 ut
164 2110 193 2165 in
209 2109 306 2185 pueris
321 2111 418 2179 etiam,
430 2115 594 2188 quamvisin
609 2128 692 2173 aetate
705 2117 764 2172 sint
778 2113 872 2170 adhuc
886 2127 998 2182 tenera,

118 2217 235 2286 peccata
252 2206 384 2263 mortalia
399 2207 591 2268 inveniantur.
616 2214 652 2269 At
677 2228 743 2268 vero
760 2227 843 2267 nemo
865 2228 916 2286 per
931 2229 995 2283 spc-

120 2305 191 2363 ciem
208 2303 385 2362 necessitatis
397 2304 518 2384 alicujus
534 2324 564 2363 se
576 2306 640 2364 falli
660 2306 736 2365 sinat
754 2324 825 2375 ,nec
840 2305 994 2363 necessita-

120 2416 177 2463 tem
209 2404 414 2480 interpretetur
440 2422 492 2481 pro
519 2405 617 2481 quavis
643 2404 832 2483 aegritudine,
857 2404 942 2463 etiam
971 2409 994 2464 si

121 2502 213 2580 gravis
230 2548 237 2572 ,
252 2514 281 2558 et
296 2500 456 2578 periculosa
474 2500 525 2559 illa
540 2502 578 2559 sit
595 2547 602 2572 ‚
615 2521 700 2579 quum
713 2501 747 2560 ad
765 2501 911 2580 proprium
927 2505 995 2562 Pas-

122 2615 211 2661 torem
228 2648 236 2669 ,
252 2613 301 2659 aut
316 2600 405 2659 alium
427 2599 669 2660 Confessariuma
698 2601 780 2661 nobis
808 2603 995 2679 approbatum

122 2699 232 2760 recurri
256 2698 407 2778 potuisset.
430 2699 489 2756 lmo
506 2698 604 2757 nullus
619 2697 685 2758 huic
708 2717 739 2758 se
764 2701 876 2778 negotio
900 2718 997 2779 pergat

123 2800 333 2877 interponere,
364 2797 492 2876 quamvis
521 2816 535 2855 a
565 2798 681 2858 Pastore
710 2800 771 2877 ejus
796 2798 844 2877 qui
868 2800 997 2858 confiteri

125 2896 204 2973 cupit
220 2943 227 2965 ‚
245 2897 291 2955 vel
306 2896 428 2956 Vicariis
441 2897 545 2956 nostris
559 2915 727 2958 consensum
744 2897 901 2957 obtinuerit
917 2944 924 2967 ‚
943 2898 997 2955 nisi

124 2994 198 3052 tales
213 2994 233 3051 ii
249 2994 307 3052 sint
320 3040 328 3064 ,
343 2996 392 3072 qui
408 2995 562 3072 specialem
578 3014 593 3053 a
616 2995 699 3055 nobis
721 2995 886 3072 acceperint
901 3006 998 3071 potes-

125 3105 233 3162 tatem,
249 3104 280 3149 ut
295 3110 356 3150 eam
373 3093 457 3153 alteri
473 3094 629 3153 concedere
641 3093 744 3153 deinde
760 3092 881 3170 possint.

157 3220 190 3283 (a)
203 3223 274 3268 Recte
284 3221 343 3268 dicit
358 3222 441 3285 :juxta
466 3223 587 3270 decretum
600 3222 696 3270 Concilii
716 3220 841 3268 lllediolan.
864 3220 924 3276 Quia
943 3221 998 3282 jure

124 3287 243 3334 communi
253 3304 299 3334 uon
320 3295 355 3335 est
368 3288 576 3336 excommunicatio
590 3288 636 3334 lala
657 3288 680 3334 iu
692 3287 763 3334 talem
775 3286 924 3333 Sacerdotem
937 3322 943 3343 ,
957 3292 998 3336 sed

124 3353 198 3399 cerlis
209 3352 351 3416 quibusdam
365 3353 421 3401 locis
441 3360 529 3400 statuto
550 3353 673 3416 synodali,
696 3360 723 3399 ut
736 3352 854 3399 Camerari
874 3369 915 3415 per
934 3356 997 3400 ciel

124 3421 269 3480 antiquorum
281 3421 428 3468 decretorum.
442 3418 569 3467 Sciendum
582 3427 660 3466 aulem
678 3419 741 3482 quod
753 3417 838 3465 nonsit
849 3428 976 3466 reservata.
