<?xml version="1.0" encoding="UTF-8"?>
<!DOCTYPE html PUBLIC "-//W3C//DTD XHTML 1.0 Transitional//EN"
    "http://www.w3.org/TR/xhtml1/DTD/xhtml1-transitional.dtd">
<html xmlns="http://www.w3.org/1999/xhtml" xml:lang="en" lang="en">
 <head>
  <title>
</title>
<meta http-equiv="Content-Type" content="text/html;charset=utf-8" />
  <meta name='ocr-system' content='tesseract 3.04.00' />
  <meta name='ocr-capabilities' content='ocr_page ocr_carea ocr_par ocr_line ocrx_word'/>
</head>
<body>
  <div class='ocr_page' id='page_1' title='image "./instructionesss00xavigoog/instructionesss00xavigoog_0012.png"; bbox 0 0 2220 4102; ppageno 0'>
   <div class='ocr_carea' id='block_1_1' title="bbox 103 140 131 180">
    <p class='ocr_par' dir='ltr' id='par_1_1' title="bbox 103 140 131 180">
     <span class='ocr_line' id='line_1_1' title="bbox 103 140 131 180; baseline 0.036 -1"><span class='ocrx_word' id='word_1_1' title='bbox 103 140 131 180; x_wconf 80' lang='lat' dir='ltr'><strong>tv</strong></span> 
     </span>
    </p>
   </div>
   <div class='ocr_carea' id='block_1_2' title="bbox 94 275 950 2505">
    <p class='ocr_par' dir='ltr' id='par_1_2' title="bbox 97 275 950 898">
     <span class='ocr_line' id='line_1_2' title="bbox 146 275 950 361; baseline 0.004 -22"><span class='ocrx_word' id='word_1_2' title='bbox 146 277 180 339; x_wconf 81' lang='lat'><strong>5·</strong></span> <span class='ocrx_word' id='word_1_3' title='bbox 194 278 225 342; x_wconf 89' lang='lat' dir='ltr'><strong>S.</strong></span> <span class='ocrx_word' id='word_1_4' title='bbox 242 277 416 361; x_wconf 78' lang='lat' dir='ltr'><strong>Alphonsit&#39;</strong></span> <span class='ocrx_word' id='word_1_5' title='bbox 538 304 553 335; x_wconf 95' lang='lat'><strong>·.</strong></span> <span class='ocrx_word' id='word_1_6' title='bbox 580 295 613 336; x_wconf 68' lang='lat' dir='ltr'><strong>:n</strong></span> <span class='ocrx_word' id='word_1_7' title='bbox 644 300 650 338; x_wconf 81' lang='lat' dir='ltr'><strong>r</strong></span> <span class='ocrx_word' id='word_1_8' title='bbox 668 277 709 340; x_wconf 90' lang='lat' dir='ltr'><strong>ad</strong></span> <span class='ocrx_word' id='word_1_9' title='bbox 721 275 924 342; x_wconf 81' lang='lat' dir='ltr'><strong>confessarios</strong></span> <span class='ocrx_word' id='word_1_10' title='bbox 943 299 950 341; x_wconf 80' lang='lat' dir='ltr'><strong>t</strong></span> 
     </span>
     <span class='ocr_line' id='line_1_3' title="bbox 100 381 950 466; baseline 0.004 -20"><span class='ocrx_word' id='word_1_11' title='bbox 100 382 323 449; x_wconf 85' lang='lat' dir='ltr'><strong>notificationes</strong></span> <span class='ocrx_word' id='word_1_12' title='bbox 335 383 375 447; x_wconf 90' lang='lat' dir='ltr'><strong>ad</strong></span> <span class='ocrx_word' id='word_1_13' title='bbox 385 383 413 445; x_wconf 83' lang='lat' dir='ltr'><strong>cl</strong></span> <span class='ocrx_word' id='word_1_14' title='bbox 438 404 499 441; x_wconf 47' lang='grc' dir='ltr'><strong>Ἢν</strong></span> <span class='ocrx_word' id='word_1_15' title='bbox 593 381 839 466; x_wconf 51' lang='grc' dir='ltr'><strong>τεάεὸᾼςαιὴω</strong></span> <span class='ocrx_word' id='word_1_16' title='bbox 856 385 950 449; x_wconf 89' lang='lat' dir='ltr'><strong>Gotho</strong></span> 
     </span>
     <span class='ocr_line' id='line_1_4' title="bbox 100 490 950 575; baseline 0 -21"><span class='ocrx_word' id='word_1_17' title='bbox 100 511 169 555; x_wconf 89' lang='lat' dir='ltr'><strong>rum</strong></span> <span class='ocrx_word' id='word_1_18' title='bbox 184 493 215 555; x_wconf 92' lang='lat' dir='ltr'><strong>in</strong></span> <span class='ocrx_word' id='word_1_19' title='bbox 229 490 345 575; x_wconf 89' lang='lat' dir='ltr'><strong>quihus</strong></span> <span class='ocrx_word' id='word_1_20' title='bbox 358 491 429 574; x_wconf 79' lang='lat' dir='ltr'><strong>plu:</strong></span> <span class='ocrx_word' id='word_1_21' title='bbox 467 534 470 541; x_wconf 84' lang='lat'><strong>.</strong></span> <span class='ocrx_word' id='word_1_22' title='bbox 486 523 489 527; x_wconf 95' lang='lat'>-</span> <span class='ocrx_word' id='word_1_23' title='bbox 612 503 682 552; x_wconf 69' lang='lat' dir='ltr'><strong>:rat</strong></span> <span class='ocrx_word' id='word_1_24' title='bbox 696 510 767 573; x_wconf 85' lang='lat' dir='ltr'><strong>quae</strong></span> <span class='ocrx_word' id='word_1_25' title='bbox 780 492 950 556; x_wconf 85' lang='lat' dir='ltr'><strong>administra</strong></span> 
     </span>
     <span class='ocr_line' id='line_1_5' title="bbox 98 597 950 681; baseline -0.006 -14"><span class='ocrx_word' id='word_1_26' title='bbox 98 601 212 667; x_wconf 85' lang='lat' dir='ltr'><strong>tionem</strong></span> <span class='ocrx_word' id='word_1_27' title='bbox 226 598 411 663; x_wconf 82' lang='lat' dir='ltr'><strong>sacramenti</strong></span> <span class='ocrx_word' id='word_1_28' title='bbox 425 597 826 664; x_wconf 71' lang='lat' dir='ltr'><strong>ioenrtentiaeoonoernunt.</strong></span> <span class='ocrx_word' id='word_1_29' title='bbox 836 599 950 681; x_wconf 88' lang='lat' dir='ltr'><strong>Utraqu</strong></span> 
     </span>
     <span class='ocr_line' id='line_1_6' title="bbox 97 703 950 788; baseline -0.002 -18"><span class='ocrx_word' id='word_1_30' title='bbox 97 727 136 770; x_wconf 84' lang='lat' dir='ltr'><strong>ex</strong></span> <span class='ocrx_word' id='word_1_31' title='bbox 152 706 258 770; x_wconf 89' lang='lat' dir='ltr'><strong>ltalieo</strong></span> <span class='ocrx_word' id='word_1_32' title='bbox 274 725 416 770; x_wconf 82' lang='lat' dir='ltr'><strong>sermone</strong></span> <span class='ocrx_word' id='word_1_33' title='bbox 435 706 603 781; x_wconf 85' lang='lat' dir='ltr'><strong>translata,</strong></span> <span class='ocrx_word' id='word_1_34' title='bbox 621 704 734 788; x_wconf 88' lang='lat' dir='ltr'><strong>prima,</strong></span> <span class='ocrx_word' id='word_1_35' title='bbox 748 707 778 766; x_wconf 92' lang='lat' dir='ltr'><strong>ni</strong></span> <span class='ocrx_word' id='word_1_36' title='bbox 791 703 891 780; x_wconf 86' lang='lat' dir='ltr'><strong>fallor,</strong></span> <span class='ocrx_word' id='word_1_37' title='bbox 908 706 950 768; x_wconf 81' lang='lat' dir='ltr'><strong>vir</strong></span> 
     </span>
     <span class='ocr_line' id='line_1_7' title="bbox 97 815 507 898; baseline -0.002 -21"><span class='ocrx_word' id='word_1_38' title='bbox 97 815 179 898; x_wconf 86' lang='lat' dir='ltr'><strong>typis</strong></span> <span class='ocrx_word' id='word_1_39' title='bbox 191 816 327 898; x_wconf 83' lang='lat' dir='ltr'><strong>Belgicis</strong></span> <span class='ocrx_word' id='word_1_40' title='bbox 340 815 507 898; x_wconf 88' lang='lat' dir='ltr'><strong>prodeunt.</strong></span> 
     </span>
    </p>

    <p class='ocr_par' dir='ltr' id='par_1_3' title="bbox 98 922 950 1308">
     <span class='ocr_line' id='line_1_8' title="bbox 142 922 950 1006; baseline -0.006 -19"><span class='ocrx_word' id='word_1_41' title='bbox 142 924 176 987; x_wconf 72' lang='lat'><strong>4⁰</strong></span> <span class='ocrx_word' id='word_1_42' title='bbox 200 926 247 988; x_wconf 82' lang='lat' dir='ltr'><strong>Ex</strong></span> <span class='ocrx_word' id='word_1_43' title='bbox 264 923 325 987; x_wconf 86' lang='lat' dir='ltr'><strong>rita</strong></span> <span class='ocrx_word' id='word_1_44' title='bbox 342 923 376 987; x_wconf 89' lang='lat' dir='ltr'><strong>S.</strong></span> <span class='ocrx_word' id='word_1_45' title='bbox 399 922 557 985; x_wconf 86' lang='lat' dir='ltr'><strong>Francisoi</strong></span> <span class='ocrx_word' id='word_1_46' title='bbox 582 925 707 988; x_wconf 86' lang='lat' dir='ltr'><strong>Xarerii</strong></span> <span class='ocrx_word' id='word_1_47' title='bbox 725 941 779 1006; x_wconf 85' lang='lat' dir='ltr'><strong>per</strong></span> <span class='ocrx_word' id='word_1_48' title='bbox 808 922 950 985; x_wconf 85' lang='lat' dir='ltr'><strong>Horatiur</strong></span> 
     </span>
     <span class='ocr_line' id='line_1_9' title="bbox 98 1027 950 1113; baseline 0.002 -23"><span class='ocrx_word' id='word_1_49' title='bbox 98 1029 305 1092; x_wconf 87' lang='lat' dir='ltr'><strong>Tursellinum</strong></span> <span class='ocrx_word' id='word_1_50' title='bbox 334 1027 492 1110; x_wconf 87' lang='lat' dir='ltr'><strong>descripta</strong></span> <span class='ocrx_word' id='word_1_51' title='bbox 520 1029 659 1110; x_wconf 82' lang='lat' dir='ltr'><strong>regulae,</strong></span> <span class='ocrx_word' id='word_1_52' title='bbox 684 1050 761 1113; x_wconf 91' lang='lat' dir='ltr'><strong>quas</strong></span> <span class='ocrx_word' id='word_1_53' title='bbox 789 1030 828 1090; x_wconf 89' lang='lat' dir='ltr'><strong>ad</strong></span> <span class='ocrx_word' id='word_1_54' title='bbox 860 1047 950 1092; x_wconf 84' lang='lat' dir='ltr'><strong>muno</strong></span> 
     </span>
     <span class='ocr_line' id='line_1_10' title="bbox 99 1136 950 1219; baseline 0.001 -20"><span class='ocrx_word' id='word_1_55' title='bbox 99 1136 279 1200; x_wconf 87' lang='lat' dir='ltr'><strong>confessarii</strong></span> <span class='ocrx_word' id='word_1_56' title='bbox 296 1136 355 1200; x_wconf 88' lang='lat' dir='ltr'><strong>rito</strong></span> <span class='ocrx_word' id='word_1_57' title='bbox 379 1137 556 1200; x_wconf 88' lang='lat' dir='ltr'><strong>obeundum</strong></span> <span class='ocrx_word' id='word_1_58' title='bbox 570 1136 617 1200; x_wconf 82' lang='lat' dir='ltr'><strong>vir</strong></span> <span class='ocrx_word' id='word_1_59' title='bbox 633 1151 758 1201; x_wconf 83' lang='lat' dir='ltr'><strong>sanetus</strong></span> <span class='ocrx_word' id='word_1_60' title='bbox 782 1137 950 1219; x_wconf 84' lang='lat' dir='ltr'><strong>sequebatn</strong></span> 
     </span>
     <span class='ocr_line' id='line_1_11' title="bbox 99 1243 595 1308; baseline -0.002 -2"><span class='ocrx_word' id='word_1_61' title='bbox 99 1259 129 1307; x_wconf 89' lang='lat' dir='ltr'><strong>et</strong></span> <span class='ocrx_word' id='word_1_62' title='bbox 147 1246 216 1307; x_wconf 87' lang='lat' dir='ltr'><strong>aliis</strong></span> <span class='ocrx_word' id='word_1_63' title='bbox 231 1245 448 1308; x_wconf 86' lang='lat' dir='ltr'><strong>commendare</strong></span> <span class='ocrx_word' id='word_1_64' title='bbox 464 1243 595 1307; x_wconf 83' lang='lat' dir='ltr'><strong>solebat.</strong></span> 
     </span>
    </p>

    <p class='ocr_par' dir='ltr' id='par_1_4' title="bbox 94 1351 950 2505">
     <span class='ocr_line' id='line_1_12' title="bbox 144 1351 950 1436; baseline -0.001 -21"><span class='ocrx_word' id='word_1_65' title='bbox 144 1353 177 1415; x_wconf 78' lang='lat'><strong>5⁰</strong></span> <span class='ocrx_word' id='word_1_66' title='bbox 199 1351 335 1414; x_wconf 79' lang='lat' dir='ltr'><strong>Tandem</strong></span> <span class='ocrx_word' id='word_1_67' title='bbox 351 1351 498 1413; x_wconf 88' lang='lat' dir='ltr'><strong>nonnulla</strong></span> <span class='ocrx_word' id='word_1_68' title='bbox 517 1352 643 1415; x_wconf 84' lang='lat' dir='ltr'><strong>decreta</strong></span> <span class='ocrx_word' id='word_1_69' title='bbox 657 1353 950 1436; x_wconf 83' lang='lat' dir='ltr'><strong>Archiepiscoporm</strong></span> 
     </span>
     <span class='ocr_line' id='line_1_13' title="bbox 99 1444 950 1539; baseline 0.004 -22"><span class='ocrx_word' id='word_1_70' title='bbox 99 1444 276 1520; x_wconf 88' lang='lat' dir='ltr'><strong>nostrorum</strong></span> <span class='ocrx_word' id='word_1_71' title='bbox 293 1477 331 1519; x_wconf 83' lang='lat' dir='ltr'><strong>ex</strong></span> <span class='ocrx_word' id='word_1_72' title='bbox 347 1456 461 1539; x_wconf 90' lang='lat' dir='ltr'><strong>quibus</strong></span> <span class='ocrx_word' id='word_1_73' title='bbox 477 1455 656 1519; x_wconf 85' lang='lat' dir='ltr'><strong>confessarii</strong></span> <span class='ocrx_word' id='word_1_74' title='bbox 669 1470 767 1520; x_wconf 86' lang='lat' dir='ltr'><strong>totam</strong></span> <span class='ocrx_word' id='word_1_75' title='bbox 791 1461 902 1539; x_wconf 83' lang='lat' dir='ltr'><strong>agendi</strong></span> <span class='ocrx_word' id='word_1_76' title='bbox 927 1481 950 1521; x_wconf 77' lang='lat' dir='ltr'><strong>rr</strong></span> 
     </span>
     <span class='ocr_line' id='line_1_14' title="bbox 97 1563 950 1646; baseline 0.005 -20"><span class='ocrx_word' id='word_1_77' title='bbox 97 1564 201 1644; x_wconf 79' lang='lat' dir='ltr'><strong>gulam</strong></span> <span class='ocrx_word' id='word_1_78' title='bbox 213 1565 390 1629; x_wconf 89' lang='lat' dir='ltr'><strong>discernere</strong></span> <span class='ocrx_word' id='word_1_79' title='bbox 406 1577 540 1646; x_wconf 87' lang='lat' dir='ltr'><strong>queant,</strong></span> <span class='ocrx_word' id='word_1_80' title='bbox 559 1563 678 1627; x_wconf 84' lang='lat' dir='ltr'><strong>scilicet</strong></span> <span class='ocrx_word' id='word_1_81' title='bbox 693 1564 851 1627; x_wconf 87' lang='lat' dir='ltr'><strong>decretum</strong></span> <span class='ocrx_word' id='word_1_82' title='bbox 877 1567 923 1629; x_wconf 90' lang='lat' dir='ltr'><strong>lll.</strong></span> <span class='ocrx_word' id='word_1_83' title='bbox 937 1589 950 1629; x_wconf 88' lang='lat' dir='ltr'><strong>a</strong></span> 
     </span>
     <span class='ocr_line' id='line_1_15' title="bbox 94 1671 950 1754; baseline 0.005 -21"><span class='ocrx_word' id='word_1_84' title='bbox 94 1672 170 1734; x_wconf 84' lang='lat' dir='ltr'><strong>Rev.</strong></span> <span class='ocrx_word' id='word_1_85' title='bbox 182 1674 219 1736; x_wconf 88' lang='lat' dir='ltr'><strong>D.</strong></span> <span class='ocrx_word' id='word_1_86' title='bbox 232 1672 393 1736; x_wconf 89' lang='lat' dir='ltr'><strong>Humberti</strong></span> <span class='ocrx_word' id='word_1_87' title='bbox 408 1690 424 1734; x_wconf 92' lang='lat' dir='ltr'><strong>a</strong></span> <span class='ocrx_word' id='word_1_88' title='bbox 438 1671 632 1754; x_wconf 86' lang='lat' dir='ltr'><strong>Praeoipiano</strong></span> <span class='ocrx_word' id='word_1_89' title='bbox 644 1673 684 1735; x_wconf 90' lang='lat' dir='ltr'><strong>de</strong></span> <span class='ocrx_word' id='word_1_90' title='bbox 696 1673 747 1737; x_wconf 89' lang='lat' dir='ltr'><strong>die</strong></span> <span class='ocrx_word' id='word_1_91' title='bbox 763 1674 805 1734; x_wconf 60' lang='grc' dir='ltr'>Η</span> <span class='ocrx_word' id='word_1_92' title='bbox 822 1672 950 1737; x_wconf 72' lang='lat' dir='ltr'><strong>Octobr*</strong></span> 
     </span>
     <span class='ocr_line' id='line_1_16' title="bbox 97 1777 940 1864; baseline 0 -22"><span class='ocrx_word' id='word_1_93' title='bbox 97 1779 209 1857; x_wconf 76' lang='lat' dir='ltr'><strong>totta,</strong></span> <span class='ocrx_word' id='word_1_94' title='bbox 234 1801 289 1845; x_wconf 92' lang='lat' dir='ltr'><strong>ore</strong></span> <span class='ocrx_word' id='word_1_95' title='bbox 319 1779 493 1864; x_wconf 86' lang='lat' dir='ltr'><strong>apostolico</strong></span> <span class='ocrx_word' id='word_1_96' title='bbox 515 1777 687 1844; x_wconf 91' lang='lat' dir='ltr'><strong>Innocentii</strong></span> <span class='ocrx_word' id='word_1_97' title='bbox 719 1779 776 1842; x_wconf 86' lang='lat' dir='ltr'><strong>XII</strong></span> <span class='ocrx_word' id='word_1_98' title='bbox 800 1778 940 1842; x_wconf 84' lang='lat' dir='ltr'><strong>laudatur</strong></span> 
     </span>
     <span class='ocr_line' id='line_1_17' title="bbox 95 1886 942 1974; baseline -0.008 -22"><span class='ocrx_word' id='word_1_99' title='bbox 95 1889 259 1955; x_wconf 82' lang='lat' dir='ltr'><strong>Decretum</strong></span> <span class='ocrx_word' id='word_1_100' title='bbox 277 1891 413 1974; x_wconf 84' lang='lat' dir='ltr'><strong>ejusdem</strong></span> <span class='ocrx_word' id='word_1_101' title='bbox 426 1888 592 1955; x_wconf 85' lang='lat' dir='ltr'><strong>Humberti</strong></span> <span class='ocrx_word' id='word_1_102' title='bbox 609 1901 640 1952; x_wconf 89' lang='lat' dir='ltr'><strong>et</strong></span> <span class='ocrx_word' id='word_1_103' title='bbox 652 1888 782 1952; x_wconf 92' lang='lat' dir='ltr'><strong>aliorum</strong></span> <span class='ocrx_word' id='word_1_104' title='bbox 796 1886 942 1948; x_wconf 81' lang='lat' dir='ltr'><strong>ordinari</strong></span> 
     </span>
     <span class='ocr_line' id='line_1_18' title="bbox 97 1995 939 2078; baseline 0.005 -24"><span class='ocrx_word' id='word_1_105' title='bbox 97 2015 165 2056; x_wconf 91' lang='lat' dir='ltr'><strong>rum</strong></span> <span class='ocrx_word' id='word_1_106' title='bbox 178 1995 278 2076; x_wconf 80' lang='lat' dir='ltr'><strong>Belgii</strong></span> <span class='ocrx_word' id='word_1_107' title='bbox 293 1996 332 2058; x_wconf 90' lang='lat' dir='ltr'><strong>de</strong></span> <span class='ocrx_word' id='word_1_108' title='bbox 356 1998 466 2059; x_wconf 63' lang='lat' dir='ltr'><strong>dieas</strong></span> <span class='ocrx_word' id='word_1_109' title='bbox 498 1996 616 2078; x_wconf 82' lang='lat' dir='ltr'><strong>Aprilis</strong></span> <span class='ocrx_word' id='word_1_110' title='bbox 644 1996 753 2071; x_wconf 77' lang='lat'><strong>{6973</strong></span> <span class='ocrx_word' id='word_1_111' title='bbox 782 2014 818 2058; x_wconf 86' lang='lat' dir='ltr'><strong>ac</strong></span> <span class='ocrx_word' id='word_1_112' title='bbox 846 1995 939 2058; x_wconf 84' lang='lat' dir='ltr'><strong>tande</strong></span> 
     </span>
     <span class='ocr_line' id='line_1_19' title="bbox 97 2100 934 2183; baseline 0.002 -21"><span class='ocrx_word' id='word_1_113' title='bbox 97 2101 255 2162; x_wconf 84' lang='lat' dir='ltr'><strong>decretum</strong></span> <span class='ocrx_word' id='word_1_114' title='bbox 272 2100 512 2162; x_wconf 85' lang='lat' dir='ltr'><strong>Eminentissimi</strong></span> <span class='ocrx_word' id='word_1_115' title='bbox 535 2100 709 2163; x_wconf 89' lang='lat' dir='ltr'><strong>Cardinalis</strong></span> <span class='ocrx_word' id='word_1_116' title='bbox 732 2101 836 2163; x_wconf 90' lang='lat' dir='ltr'><strong>Nostri</strong></span> <span class='ocrx_word' id='word_1_117' title='bbox 853 2104 892 2164; x_wconf 79' lang='lat' dir='ltr'><strong>tle</strong></span> <span class='ocrx_word' id='word_1_118' title='bbox 908 2123 934 2183; x_wconf 69' lang='lat' dir='ltr'><strong>qr</strong></span> 
     </span>
     <span class='ocr_line' id='line_1_20' title="bbox 95 2203 912 2300; baseline 0.005 -33"><span class='ocrx_word' id='word_1_119' title='bbox 95 2206 127 2268; x_wconf 89' lang='lat' dir='ltr'><strong>in</strong></span> <span class='ocrx_word' id='word_1_120' title='bbox 144 2206 230 2269; x_wconf 92' lang='lat' dir='ltr'><strong>initio</strong></span> <span class='ocrx_word' id='word_1_121' title='bbox 248 2205 430 2268; x_wconf 86' lang='lat' dir='ltr'><strong>mentionem</strong></span> <span class='ocrx_word' id='word_1_122' title='bbox 447 2203 516 2267; x_wconf 82' lang='lat' dir='ltr'><strong>leci.</strong></span> <span class='ocrx_word' id='word_1_123' title='bbox 531 2205 622 2268; x_wconf 84' lang='lat' dir='ltr'><strong>Faxit</strong></span> <span class='ocrx_word' id='word_1_124' title='bbox 649 2207 733 2270; x_wconf 89' lang='lat' dir='ltr'><strong>Deus</strong></span> <span class='ocrx_word' id='word_1_125' title='bbox 746 2222 778 2271; x_wconf 88' lang='lat' dir='ltr'><strong>ut</strong></span> <span class='ocrx_word' id='word_1_126' title='bbox 795 2209 852 2300; x_wconf 76' lang='lat' dir='ltr'><strong>lnqo</strong></span> <span class='ocrx_word' id='word_1_127' title='bbox 876 2228 912 2288; x_wconf 72' lang='lat' dir='ltr'><strong>or</strong></span> 
     </span>
     <span class='ocr_line' id='line_1_21' title="bbox 99 2309 896 2379; baseline 0.005 -5"><span class='ocrx_word' id='word_1_128' title='bbox 99 2314 203 2375; x_wconf 86' lang='lat' dir='ltr'><strong>culum</strong></span> <span class='ocrx_word' id='word_1_129' title='bbox 227 2313 265 2375; x_wconf 89' lang='lat' dir='ltr'><strong>ad</strong></span> <span class='ocrx_word' id='word_1_130' title='bbox 280 2309 538 2376; x_wconf 83' lang='lat' dir='ltr'><strong>confessariorum</strong></span> <span class='ocrx_word' id='word_1_131' title='bbox 570 2313 707 2379; x_wconf 86' lang='lat' dir='ltr'><strong>levamen</strong></span> <span class='ocrx_word' id='word_1_132' title='bbox 735 2316 896 2379; x_wconf 79' lang='lat' dir='ltr'><strong>animarum</strong></span> 
     </span>
     <span class='ocr_line' id='line_1_22' title="bbox 101 2419 548 2505; baseline 0.004 -24"><span class='ocrx_word' id='word_1_133' title='bbox 101 2420 230 2483; x_wconf 84' lang='lat' dir='ltr'><strong>salutem</strong></span> <span class='ocrx_word' id='word_1_134' title='bbox 243 2419 367 2486; x_wconf 84' lang='lat' dir='ltr'><strong>abunde</strong></span> <span class='ocrx_word' id='word_1_135' title='bbox 383 2419 523 2505; x_wconf 80' lang='lat' dir='ltr'><strong>proficiat</strong></span> <span class='ocrx_word' id='word_1_136' title='bbox 540 2421 548 2484; x_wconf 87' lang='lat' dir='ltr'><strong>l</strong></span> 
     </span>
    </p>
   </div>
   <div class='ocr_carea' id='block_1_3' title="bbox 0 0 1114 4102">
    <p class='ocr_par' dir='ltr' id='par_1_5' title="bbox 0 0 1114 4102">
     <span class='ocr_line' id='line_1_23' title="bbox 0 0 1114 4102; baseline 0 0"><span class='ocrx_word' id='word_1_137' title='bbox 0 0 1114 4102; x_wconf 95' lang='lat' dir='ltr'><strong> </strong></span> 
     </span>
    </p>
   </div>
  </div>
 </body>
</html>
