2220 4102
556 307 699 366 -ldd—

193 455 407 516 etConlessarii
422 456 598 516 stentluxta
609 453 831 514 saluberrimum
843 453 908 531 ejus
924 451 1071 513 decretum

106 577 114 589 ·
193 573 259 614 suos
275 556 462 614 exhortentur
479 564 530 624 ,ut
544 553 733 631 frequenter,
753 548 926 629 quinetiam
944 548 1070 628 quotidie

193 655 298 712 Mensae
313 650 470 710 Dominioae
488 651 646 720 assistant,
667 650 749 709 modo
768 647 894 726 diligens
908 647 1069 706 accedatet

194 765 273 811 tanto
290 749 397 827 hospiti
421 748 591 826 excipiendo
622 744 673 826 pa'r
698 756 876 826 apparatus,
906 745 1068 821 chorusque

195 848 578 912 Christianarumvirtutum.

235 948 277 1004 Ne
292 944 433 1022 quispiam
447 943 567 1022 posthae
583 988 591 1016 ,
607 943 683 1022 qnod
708 939 857 1000 nonnullis
881 939 911 998 in
940 938 1019 1018 pagis
1040 949 1065 998 et

194 1044 314 1104 urbibus
327 1043 431 1100 lactum
447 1055 608 1120 queruntur
624 1042 699 1101 haud
715 1039 820 1119 pauci,
835 1038 952 1097 turbam
964 1036 1064 1117 promi·

190 1161 286 1202 scuam
304 1159 359 1200 non
372 1140 506 1220 gravibus
521 1142 557 1199 de
580 1140 674 1199 causis
688 1139 803 1198 srandet
822 1135 909 1195 etiam
937 1135 1064 1195 Commu-

189 1239 276 1298 nione
291 1239 425 1298 Paschali
444 1259 452 1309 ;
466 1238 496 1297 in
513 1239 702 1297 Pentecosten
719 1247 768 1295 aut
781 1232 1063 1310 ultraproerastinet

188 1356 240 1415 pro
263 1338 381 1398 arbitrio
405 1356 456 1397 suo
474 1383 482 1408 ,
503 1355 537 1396 ac
562 1337 587 1396 si
609 1347 687 1396 esset
710 1332 851 1412 Praecepti
872 1329 1062 1391 Ecclesiastioi

187 1435 326 1493 Dominus
340 1480 348 1504 ,
364 1435 445 1491 nullo
456 1433 635 1510 superiorum
649 1434 821 1493 saeculorum
837 1429 982 1508 exemplo.
994 1428 1061 1488 Sane

188 1529 381 1607 periculosam
398 1527 471 1585 hanc
500 1527 652 1585 novitatem
680 1546 714 1585 ex
740 1529 794 1585 hae
821 1525 947 1586 Dioeeesi
972 1536 1062 1585 nostra

190 1624 381 1685 eliminiatam
396 1621 539 1682 volumus.
564 1622 647 1682 Nulli
662 1622 749 1682 Sacra
765 1635 826 1682 tum
839 1625 939 1683 Mensa
953 1638 1062 1680 arcean-

189 1737 236 1782 tur
252 1722 327 1795 ,nisi
353 1741 425 1800 quos
451 1723 617 1784 noverimus
645 1742 709 1784 esse
733 1723 892 1802 indignos,
923 1734 1007 1801 atque
1027 1721 1064 1780 ita

188 1820 268 1879 vitiis
283 1819 478 1891 inveteratos,
505 1832 536 1879 ut
550 1820 685 1880 nuntium
704 1821 741 1880 iis
755 1822 902 1880 remittere
924 1831 1063 1888 recusent,

188 1931 237 1978 aut
248 1935 383 1998 perquam
397 1917 553 1983 verisimile
569 1919 607 1978 sit
622 1938 778 1998 numquam
794 1918 980 1990 remissurus,
992 1915 1064 1997 quod

188 2017 219 2077 in
231 2015 392 2095 promiscua
407 2015 503 2095 plebis
517 2017 691 2078 Christianae
710 2018 794 2078 turha
822 2017 998 2078 confidimus
1010 2032 1063 2076 non

189 2115 296 2174 habere
307 2113 413 2173 locum.

520 2261 642 2324 CAPUT
656 2263 732 2325 Xlll.

500 2399 535 2440 DE
548 2399 746 2441 lllllULGEll'l'llS.

224 2525 376 2586 DeSacris
390 2528 583 2607 Indulgentiis
606 2546 670 2587 oum
700 2529 858 2608 Majoribus
888 2529 1000 2591 suiset
1023 2528 1063 2589 lo-

186 2634 311 2703 quantur
323 2635 352 2681 et
362 2623 497 2682 sentiant.
528 2623 621 2702 llagni
636 2642 685 2684 eas
699 2625 755 2705 ipsi
770 2625 877 2686 t'aeiant
892 2673 901 2698 ,
917 2640 948 2687 et
970 2646 988 2687 a
1007 2624 1063 2687 suis

185 2720 331 2781 faciendas
342 2723 474 2783 doceant.
490 2723 553 2783 Non
568 2723 696 2801 exiguam
709 2724 736 2783 in
753 2723 790 2784 iis
802 2724 939 2785 fiduciam
957 2723 1063 2786 aGhri·

185 2819 277 2878 stiauo
293 2823 402 2899 populo
416 2840 531 2902 semper
545 2823 701 2893 collatam,
735 2822 855 2901 posthae
870 2841 989 2902 quoque
1007 2824 1063 2884 eol·

185 2916 335 2977 locandam
348 2933 469 2994 curent,
484 2934 514 2982 et
528 2922 613 2982 simul
631 2923 667 2982 ad
683 2921 768 2981 vitam
784 2920 894 2979 rectius
908 2920 1064 2981 instituen-

187 3015 474 3091 damexhortentur,
496 3033 528 3080 ut
541 3039 639 3081 saeros
667 3021 816 3081 thesauros
832 3037 889 3079 non
916 3019 1064 3080 dumtaxat

186 3113 355 3174 exhauriant
372 3114 476 3175 alienis
510 3119 620 3178 meritis
654 3131 834 3199 comparatos
851 3163 860 3189 ,
880 3117 932 3176 sed
958 3118 990 3178 in
1015 3134 1062 3179 eos

186 3228 299 3289 quoqne
324 3209 434 3287 aliquid
449 3211 504 3289 ipsi
527 3213 670 3289 inserant,
694 3216 768 3295 qnod
789 3214 928 3291 prodesse
940 3213 1064 3294 posteris

186 3320 281 3388 queat.

225 3408 288 3467 lam
304 3405 438 3486 pietatem
461 3405 490 3464 in
517 3420 646 3471 mortuos
668 3425 749 3469 nemo
778 3407 921 3483 allatret,
943 3412 1065 3475 vellicet
