2220 4102
310 539 494 655 antron
522 537 747 629 uacuum.

434 813 632 838 ..η-ψ’*

105 1048 108 1053 ’
145 1059 247 1138 Quum
284 1055 551 1121 Eminentissimus
595 1075 631 1118 ac
679 1052 967 1117 Reuerendissimus

95 1168 134 1230 D.
152 1164 326 1230 Cardinalis
352 1164 485 1229 Sterckx
512 1162 774 1244 Archiepiscopus
801 1160 912 1224 Noster
934 1159 966 1220 in

97 1276 225 1337 decreto
241 1274 281 1336 de
294 1285 485 1336 sacramento
500 1270 718 1345 Paenitentiae,
740 1269 772 1332 in
790 1269 966 1350 Congrege-

98 1381 183 1442 tione
198 1382 392 1444 Decanorum
406 1399 506 1462 nuper
522 1379 606 1442 edito
620 1426 630 1454 ,
643 1377 802 1461 speciatim
816 1395 968 1440 commen-

99 1490 152 1552 det
180 1488 399 1564 confessariis,
439 1500 473 1550 nt
503 1490 685 1571 pervolvam
715 1487 831 1550 monita
853 1505 923 1570 quae
951 1505 968 1547 a

99 1597 213 1659 sanctis
226 1596 390 1680 Episcopis
405 1597 578 1679 praesertim
589 1594 646 1660 SS.
661 1595 970 1670 CaroloBorromaeo,

99 1703 265 1767 Francisco
292 1704 410 1768 Salesio
429 1718 460 1767 et
478 1704 640 1787 Alphonso
661 1704 786 1785 Ligurio
812 1704 851 1766 ud
878 1721 968 1766 usum

101 1811 360 1877 confessariorum
378 1812 558 1875 dioecesium
574 1831 700 1874 suarum
720 1813 803 1874 edita
823 1809 970 1886 fuerunt,

102 1940 167 1983 rem
180 1922 265 1983 clero
274 1931 393 2001 gratam
402 1919 629 1999 utilemqueme
638 1916 789 1978 facturum
801 1918 971 1981 existimavi

104 2028 236 2086 istorum
249 2037 427 2085 sanctorum
450 2021 566 2085 monita
594 2021 685 2085 simul
710 2022 838 2086 collecta
862 2025 974 2088 iterum

106 2129 190 2213 typis
205 2128 408 2210 subjiciendo.

149 2235 346 2299 Exhibentur
360 2235 390 2296 in
404 2237 462 2298 hoc
474 2236 625 2318 opusculo
642 2258 650 2299 :

150 2346 183 2408 1ο
198 2342 419 2408 instructiones
435 2344 467 2408 S.
481 2343 585 2408 Caroli
602 2345 772 2409 Borromaei
800 2365 857 2428 pro
888 2360 973 2410 recta

104 2453 370 2521 administratione
386 2451 578 2516 Sacramenti
601 2455 804 2518 Poenitentiae.
820 2457 905 2518 lnter
920 2474 973 2518 va·

105 2569 167 2631 rios
180 2567 235 2648 qui
251 2567 360 2628 harum
385 2563 621 2628 instructionum
643 2579 749 2630 extant
774 2566 888 2629 latiuos
906 2579 973 2630 tex·

106 2691 155 2739 tus
179 2674 290 2760 (italice
306 2674 387 2737 enim
404 2693 422 2736 a
439 2673 472 2737 S.
488 2675 626 2738 Praesule
638 2674 824 2758 conscriptae
841 2673 922 2760 sunt)
938 2676 974 2737 ii-

107 2788 170 2848 ium
183 2783 307 2866 praetuli
319 2801 410 2864 quem
421 2782 624 2845 Doctissimus
652 2783 775 2864 Sylvius
791 2783 974 2848 ann01625

107 2891 206 2954 Duaci
216 2891 296 2953 notis
309 2890 496 2953 illustratum
513 2887 682 2971 publicavit
693 2889 810 2974 quique
821 2891 900 2956 hauc
909 2910 975 2975 prae

109 3000 230 3064 caeteris
247 2998 340 3061 habet
367 2997 531 3060 utilitatem
559 2997 644 3080 quod
671 2998 711 3062 ad
737 3000 975 3064 commodiorem

112 3107 246 3172 usumin
265 3107 365 3191 capita
382 3106 668 3170 convenientissime
684 3106 869 3172 distributus
881 3111 929 3172 sit.

155 3219 190 3281 2⁰
205 3216 427 3282 instructiones
443 3235 501 3299 pro
521 3215 717 3282 confessariis
733 3237 749 3282 a
766 3219 798 3284 S.
810 3218 975 3284 Francisco

112 3325 229 3391 Saiesio
244 3325 436 3421 conscriptae.
