2220 4102
552 278 695 339 -sio-

184 424 533 505 imminentispericalum
555 437 709 486 evanescet
724 443 731 484 :
745 423 852 504 vigebit
872 445 927 506 pax
949 439 980 489 ct
996 447 1067 490 con·

186 526 294 597 cordia,
310 541 404 605 neque
417 525 538 604 posthac
552 524 717 584 heterodoxi
735 525 817 584 nobis
832 526 1067 604 exprobrabunt,

185 627 260 706 quod
274 627 396 706 Majorcs
409 624 500 684 nostri
515 623 543 682 in
556 625 736 684 Lutbccanos
751 634 780 682 ct
804 624 979 686 Calvinistas
1003 627 1066 705 jus·

185 724 381 785 tissimcoiim
409 723 639 800 intorquebant,
668 740 719 782 nos
747 735 890 801 tamquam
915 723 1065 784 Cadmaeos

183 823 300 884 Fratres
315 821 422 883 mutuis
443 820 697 899 digladiatioaibus
715 833 744 882 et
772 821 941 882 vulneribus
967 823 1065 883 conci·

184 920 264 980 dero.

222 1020 299 1079 Deus
310 1017 390 1098 pacis
403 1028 434 1078 et
447 1017 656 1078 consolationis
670 1017 709 1078 sit
730 1035 795 1077 cam
813 1017 946 1078 omnibus
962 1017 1065 1088 Vobis,

184 1136 303 1196 quaeque
317 1128 384 1177 sunt
395 1117 534 1178 Ecclesiae
547 1135 607 1177 suae
621 1118 675 1177 bac
696 1117 799 1176 misera
816 1128 988 1195 tempestato
1016 1135 1065 1177 sa·

184 1217 289 1277 latmia
303 1264 311 1289 ‚
325 1229 412 1296 atque
426 1218 510 1278 unice
526 1218 686 1278 neccssaria
702 1263 710 1287 ‚
725 1215 866 1294 Spiritum
881 1216 1060 1295 disciplinae,

184 1315 325 1392 Spiritum
344 1316 601 1386 mansuetudinis,
624 1315 766 1392 Spiritum
795 1313 967 1374 obcdicatiae
996 1332 1063 1393 erga

182 1413 352 1490 praepositos
367 1424 500 1482 vestros,
524 1413 663 1489 Spiritum
693 1411 865 1472 humilitatis
893 1423 924 1471 ct
940 1411 1064 1472 sincccae

186 1511 368 1582 dovotionis,
383 1511 523 1589 Spiritum
540 1512 600 1569 vari
616 1511 721 1570 autoris
732 1524 761 1570 ct
784 1511 935 1571 charitatis
949 1511 980 1570 in
996 1530 1064 1591 pro-

183 1609 289 1669 ximam
306 1607 428 1687 inspiret
447 1607 588 1668 cordibus
601 1608 705 1668 vestris
723 1621 751 1667 ct
776 1609 889 1669 coeiesti
904 1627 954 1669 sua
968 1609 1062 1688 gratia

183 1720 284 1787 augeat
302 1721 410 1787 ,atqua
435 1707 465 1766 in
486 1707 572 1768 tinem
596 1709 746 1768 confirmet
762 1755 769 1779 ‚
784 1720 816 1767 ut
839 1727 927 1786 quum
950 1708 1063 1769 canerit

182 1809 322 1882 Princeps
337 1810 492 1866 Pastorum
506 1817 533 1866 at
546 1809 705 1882 Episcopus
719 1812 886 1866 animasum
899 1816 1063 1867 vestrarum
1080 1818 1085 1826 '

184 1904 321 1968 Christus
340 1907 449 1979 iesus,
475 1911 647 1982 percipiatis
674 1910 938 1966 immarcessibilem
963 1910 1063 1982 picria

184 2005 339 2074 Coronam,
349 2024 434 2083 quam
446 2006 579 2067 omnibus
594 2018 623 2066 ct
636 2005 759 2084 singulis
780 2022 933 2083 precamur
948 2022 985 2065 cx
998 2002 1060 2064 ani-

180 2121 226 2161 mo

229 2146 393 2258 bicchliniae
420 2199 449 2259 in
475 2199 586 2260 Palatio
613 2201 719 2260 Nostro
744 2201 998 2282 Archiepiscopaii
1022 2203 1060 2264 tt

183 2295 328 2359 Octobris
342 2297 433 2359 1692.
500 2372 504 2379 Ι

624 2431 790 2492 Haaacmas
804 2432 979 2496 Gmuacsms

549 2529 792 2611 Archicpiscopus
808 2531 1038 2596 biccbliaicasis.
