2220 4102
561 357 704 417 -tto-

194 510 315 576 bonum,
344 504 523 565 considerato
552 515 662 572 mature
690 502 858 581 poenitentis
888 515 993 577 statu,
1017 524 1071 565 non

192 619 319 666 vetamus
333 623 389 683 quo
405 604 500 662 minus
514 604 569 664 hac
583 604 628 662 via
645 601 751 660 infirmi
766 601 854 660 saluti
869 602 1072 682 prospiciant;

192 723 289 765 verum
306 702 335 760 id
350 720 406 761 non
420 701 470 759 fiat
485 720 536 779 per
551 714 664 778 tempus
680 698 765 759 nimis
792 699 927 758 diurnum
943 745 953 771 ,
982 719 1073 780 neque

193 821 283 863 annos
299 801 426 879 integros
439 800 561 858 auderat.

232 899 329 958 Nullis
344 899 467 975 posthac
481 895 613 956 excidant
627 895 768 955 damnatae
791 913 876 955 voces
890 907 920 954 et
941 910 1073 960 recenter

193 995 407 1057 abhlexandro
435 995 511 1054 vlit.
538 994 676 1054 Pontifice
710 995 880 1072 proscriptae
904 994 1074 1073 gravissimo

192 1097 313 1156 Decreta
330 1119 337 1152 :
356 1115 367 1148 n
387 1093 526 1152 Ordinem
541 1092 733 1171 praemittendi
745 1092 976 1152 satisfactionem
991 1096 1073 1155 abso

196 1218 207 1248 »
238 1191 345 1250 tutioni
359 1190 472 1250 induxit
485 1210 539 1250 non
557 1189 676 1268 politica
698 1203 747 1248 aut
762 1185 907 1248 institutio
922 1191 1072 1263 Ecclesia,

193 1313 205 1344 s
231 1290 281 1350 sed
297 1290 360 1368 ipsa
376 1288 486 1348 Christi
508 1289 554 1347 lex
575 1298 603 1346 et
628 1286 832 1364 praescriptio,
859 1298 962 1346 natura
988 1290 1029 1349 rei
1043 1290 1070 1348 id

194 1413 205 1443 s
232 1389 325 1465 ipsum
339 1388 548 1465 quodammodo
563 1386 700 1445 dictante.
718 1385 867 1445 Perillam
884 1385 998 1464 praxim
1011 1407 1071 1448 mox

194 1509 205 1538 o
231 1485 399 1544 absolvendi
411 1482 669 1559 ordoPoenitentiae
681 1493 723 1540 est
736 1482 874 1542 inversus.
886 1483 1070 1569 Consuetudo

192 1607 204 1638 a
231 1584 367 1642 moderna
381 1581 473 1660 quoad
489 1578 766 1640 administrationem
787 1581 958 1641 Poenitentae
973 1584 1073 1643 etiam-

193 1706 205 1738 s
232 1681 255 1740 si
269 1701 330 1740 eam
342 1680 532 1760 plurimorum
553 1677 698 1739 hominum
727 1691 867 1739 sustentet
880 1680 1046 1743 authoritas
1065 1730 1073 1754 ‚

193 1801 204 1834 a
230 1790 258 1838 et
274 1780 357 1838 multi
374 1778 513 1857 temporis
524 1777 701 1858 diuturnitas
720 1777 893 1848 confirmet,
923 1779 1072 1841 nihilomi-

193 1900 204 1930 κ
229 1897 282 1938 nus
297 1879 333 1938 ab
348 1879 478 1941 Ecclesia
495 1896 550 1937 nou
567 1877 689 1936 habetur
699 1894 751 1954 pro
766 1894 819 1936 usu
837 1876 907 1947 ,sed
922 1877 1049 1940 abusu.»

539 2089 715 2149 CAPUTXI.
755 2124 762 2132 -

420 2243 458 2310 'ne
469 2268 614 2310 nesterone
629 2267 830 2310 aesonunroms.

226 2415 291 2474 Illis
306 2413 420 2473 casibus
431 2413 545 2474 veniam
559 2413 771 2492 procrastinent
795 2413 900 2491 (neque
914 2416 993 2476 enim
1005 2436 1070 2497 seg-

186 2530 236 2572 nes
247 2512 394 2570 ministros
406 2512 538 2590 cupimus
555 2556 562 2582 ‚
577 2522 626 2569 aut
643 2511 749 2570 molles
764 2511 891 2571 medicos
909 2559 917 2584 ,
942 2516 994 2575 sed
1019 2518 1070 2596 qni

186 2627 236 2687 pro
252 2621 379 2688 tempore
391 2617 419 2664 ot
434 2608 498 2666 loco
512 2653 519 2679 ‚
534 2619 563 2667 et
578 2608 670 2667 morbi
693 2608 865 2668 necessitate
886 2622 943 2670 tam
975 2614 1069 2676 linere

184 2707 295 2787 plagam
313 2704 588 2786 unguentosciant,
614 2724 698 2784 qnam
723 2724 805 2764 urere
824 2718 853 2765 ct
867 2712 980 2789 secare)
996 2732 1068 2792 qnos

182 2806 298 2866 Rituale
311 2809 468 2867 Romanum
484 2817 512 2866 et
536 2805 684 2866 Pastorale
710 2804 918 2867 Mechlinicose
933 2811 1065 2871 exhibet.

180 2901 212 2961 Si
227 2904 275 2980 qui
292 2904 333 2961 rei
354 2923 457 2982 nempe
481 2905 601 2966 Sacrum
628 2905 754 2964 tribunal
785 2907 984 2980 accesserint,
1022 2912 1067 2989 (t)

180 3003 232 3074 peti
247 3004 330 3059 bulla
344 3005 416 3060 dont
431 3009 516 3078 sipara
541 3008 667 3072 doloris,
685 3008 737 3078 qui
751 3008 818 3062 odia
838 3012 864 3062 et
887 3008 1065 3068 inimicitias

180 3104 337 3173 deponere,
352 3110 404 3155 out
418 3104 536 3170 aliene,
552 3107 577 3160 si
589 3106 721 3176 possint,
738 3106 888 3160 restituere
903 3145 912 3170 ,
926 3115 982 3161 aut
994 3125 1066 3179 pro-

178 3199 289 3253 oee’maot
299 3199 437 3268 peccandi
461 3200 638 3257 occasionem
659 3203 804 3266 deserere,
819 3208 870 3256 aet
891 3202 951 3258 olio
979 3209 1064 3262 modo

176 3304 292 3367 peccota
307 3296 526 3366 derelinquere,
544 3307 596 3355 eat
609 3303 699 3356 eitam
720 3301 753 3354 io
778 3301 880 3356 metius
909 3307 1064 3362 emendare

209 3440 245 3506 (l)
257 3443 290 3491 bc
302 3442 454 3491 Sacramento
468 3439 550 3504 poenit.
