2220 4102
501 347 603 404 ‚5-

155 496 191 571 (o)
205 492 376 554 Sacerdotes
391 503 484 552 autom
502 493 550 570 qui
577 493 773 553 confessiones
795 494 930 553 audiendi
956 495 992 552 li-

112 591 268 650 centiama
296 592 379 651 nobis
405 591 592 650 obtinuerunt
619 609 681 648 cum
707 589 822 650 definita
838 592 993 669 temporis,

112 690 170 749 loci
184 735 192 759 ‚
208 702 409 767 certarumque
421 706 608 765 personarum
621 688 809 759 limitatione,
828 688 944 748 rideant
956 709 991 748 ne

111 789 265 866 potcstatis
278 806 420 847 concessae
435 787 541 846 limites
556 787 617 844 ullo
633 787 716 844 modo
728 788 875 846 excedant.

158 887 253 944 Prima
269 904 333 944 curn
349 885 564 964 opportunitate
582 885 754 962 regularium
766 885 934 964 Superiores
949 906 994 945 ca-

148 1015 180 1080 (d)
191 1016 265 1064 Nobis
286 1015 358 1063 etiam
381 1013 526 1079 probabilior
544 1030 637 1078 semper
649 1016 698 1063 visa
710 1023 745 1062 est
765 1015 881 1062 sententia
902 1032 994 1074 eorum,

113 1084 156 1146 qui
170 1083 291 1130 affirmant
304 1118 310 1141 ,
320 1080 478 1145 approbatum
492 1079 521 1127 ab
532 1080 659 1128 Ordinatio
678 1098 721 1145 pro
731 1080 916 1130 confessionibus
927 1091 992 1130 certo

115 1149 166 1196 loeo
177 1148 302 1197 audiendis
313 1183 319 1206 ,
332 1163 376 1194 non
390 1145 478 1194 censeri
492 1146 649 1210 approbatum
660 1164 703 1210 pro
713 1147 764 1194 aliis
773 1147 837 1205 locis,
853 1164 883 1195 ue
895 1147 992 1211 quidem

114 1214 222 1276 ejusdem
232 1213 353 1260 dioeccsos.
364 1228 388 1258 v.
398 1229 420 1276 g.
435 1210 602 1276 Approbatus,
616 1220 643 1259 ut
659 1212 811 1276 parochianos
824 1213 994 1261 cameracenses

113 1280 213 1337 audiat,
229 1295 274 1326 non
288 1285 324 1326 est
334 1278 478 1342 approbatus
492 1312 499 1330 .
518 1285 545 1325 ut
557 1279 588 1326 de
601 1280 724 1326 Pastorum
737 1278 808 1325 venia
825 1279 926 1342 excipiat
938 1296 993 1327 cou-

115 1345 228 1393 lessioues
244 1345 462 1398 Volencenenaiurn,
484 1342 654 1400 lllonteuuium,
679 1351 720 1391 aut
742 1343 860 1402 aliorum;
883 1345 993 1408 quoniam

116 1410 256 1474 approbatio
273 1427 356 1473 ,quarn
366 1410 423 1473 Syn.
436 1410 503 1456 Trid.
514 1409 616 1473 requirit
628 1417 655 1457 ut
667 1410 831 1468 neeessariam,
842 1409 881 1456 vel
891 1416 927 1457 est
943 1411 993 1457 sine

116 1475 258 1523 limitatione
270 1477 325 1540 (quo
334 1492 390 1524 casu
404 1492 445 1540 per
455 1482 529 1522 totam
542 1475 606 1524 illius
628 1475 749 1524 Ordinarii
772 1475 892 1523 dioeccsim
914 1486 991 1540 posset

116 1542 200 1589 audire
215 1542 272 1605 ‚qui
284 1543 316 1590 sic
327 1542 513 1606 approbaretur,
526 1558 572 1588 non
590 1550 668 1589 tamen
690 1558 732 1606 pcr
744 1541 801 1590 alias
813 1548 841 1588 ut
854 1541 992 1589 declaratio-

117 1625 170 1655 nem
183 1607 280 1655 Coucilii
293 1607 460 1655 intellexerunt
471 1609 551 1653 Patres
560 1609 730 1655 llleoltlr'nienscs
739 1606 762 1654 in
776 1607 868 1670 synodo
881 1607 990 1653 Propino.

116 1676 140 1720 ἢ.
153 1677 190 1719 tit.
202 1677 226 1722 5.
243 1690 261 1720 e.
276 1675 309 1738 l.)
321 1673 359 1720 vel
371 1688 505 1737 expressam
517 1673 588 1721 habet
609 1673 778 1721 limitationem
790 1673 821 1720 ad
837 1673 915 1720 locum
929 1709 935 1729 ‚
950 1682 991 1719 aut

117 1755 228 1803 personas
240 1738 428 1796 determinatas3
449 1745 535 1784 actum
554 1738 622 1800 juxta
645 1738 711 1786 illam
733 1739 804 1786 debet
824 1738 989 1802 unusquisque

118 1820 188 1870 agere
200 1841 207 1863 ,
220 1811 243 1851 et
255 1804 315 1850 serio
328 1803 539 1866 (quemadmodum
558 1803 597 1850 bic
608 1812 688 1850 monet
699 1805 724 1850 S.
734 1805 848 1859 Canonusl
857 1804 951 1861 videre,
963 1822 992 1851 ue

118 1870 243 1933 potestatis
255 1885 367 1916 concessae
379 1868 467 1915 limites
478 1867 526 1913 ullo
549 1870 619 1915 modo
643 1869 747 1915 excedat.
770 1870 852 1931 Neque
871 1869 933 1916 enim
954 1871 993 1916 vel

120 1935 183 1982 idem
194 1933 311 1996 judicium
324 1940 359 1978 est
369 1932 493 1994 potestatis
505 1931 612 1979 limitatae
627 1968 634 1989 ‚
651 1933 715 1994 quod
729 1933 842 1980 absolutae
854 1952 861 1992 ;
882 1934 919 1981 vel
929 1934 993 1980 limi-

122 2001 181 2046 tatio
192 1999 283 2045 lrustra
296 1997 441 2060 exprimitur
453 2016 459 2042 :
473 1996 514 2042 sed
523 2012 565 2042 nec
578 1997 677 2043 idoneus
688 2013 731 2058 pro
746 2013 792 2043 uno
804 1997 855 2044 loco
866 2033 873 2057 ‚
884 1998 993 2045 continuo

124 2065 224 2111 idonens
238 2069 273 2109 est
285 2078 326 2124 pro
341 2060 401 2107 aliis.
416 2062 476 2108 Hinc
488 2067 531 2119 est,
544 2063 607 2124 quod
619 2061 739 2109 Ordiuarii
749 2062 825 2127 parati
835 2063 882 2111 sint
895 2063 993 2127 quidem

124 2128 250 2176 admittere
263 2135 287 2174 et
299 2125 431 2190 approbare
441 2143 485 2191 pro
497 2143 544 2174 uuo
555 2127 592 2174 vel
604 2127 679 2175 altero
691 2128 757 2187 loco,
779 2128 820 2192 qui
846 2136 923 2176 tamen
946 2147 992 2178 non

122 2201 199 2243 esseut
212 2194 304 2241 eosdem
316 2192 443 2240 admissuri
454 2208 497 2256 pro
510 2197 558 2239 tota
570 2209 611 2240 sua
621 2193 722 2241 dioecesi.
748 2195 869 2242 consentit
881 2195 918 2242 his
928 2195 990 2243 Mur-

121 2264 185 2307 tr'uua
197 2262 324 2324 liptlrooiua
336 2258 408 2305 insna
420 2260 477 2322 Syn.
492 2259 541 2320 Ipr.
555 2262 590 2305 tit.
600 2261 630 2308 116
641 2276 691 2322 cup.
704 2262 726 2308 9.
742 2260 837 2308 dicens:
860 2262 992 2322 Quicunque

120 2328 242 2373 secundum
254 2328 337 2371 dictum
349 2326 462 2388 decretum
473 2325 537 2388 (sess.
551 2326 590 2372 25.
612 2342 664 2389 cap.
679 2328 717 2373 15.
731 2326 800 2373 Conc.
819 2325 884 2374 Trid.
896 2328 992 2375 admissi

119 2395 223 2453 lucrium
243 2399 350 2445 caueant,
363 2406 391 2436 ne
403 2390 492 2452 aliquos
504 2392 534 2437 od
545 2393 701 2454 consessionem
714 2395 827 2454 recipiunt
839 2427 845 2447 ,
856 2408 899 2454 pro
911 2396 992 2452 quibus

120 2476 164 2506 non
176 2459 315 2504 obtinuerint
328 2457 479 2503 literatorium
486 2463 624 2520 potestatem.

154 2526 202 2570 Hac
213 2519 332 2570 occasione
340 2521 474 2570 reticendus
487 2539 533 2570 uon
542 2530 576 2569 est
587 2539 668 2569 eorum
683 2522 841 2570 Parocborum
853 2539 936 2583 error,
950 2526 991 2588 qui

121 2589 273 2653 parochianos
285 2587 371 2634 alienos
385 2587 506 2636 absolvere
517 2595 625 2647 tentant,
640 2604 686 2635 nou
706 2588 787 2636 habita
802 2588 868 2653 prius
890 2592 991 2637 Parocbi

122 2655 217 2702 illorum
231 2653 297 2701 venia
310 2689 316 2712 ,
327 2653 376 2701 imo
390 2655 500 2702 Parochis
512 2654 632 2701 interdum
646 2654 842 2718 repugnantibus.
852 2655 918 2702 Tales
927 2656 990 2703 enirn

123 2721 280 2768 absolutiones
292 2756 298 2777 ‚
311 2736 383 2783 quum
400 2720 578 2782 proficiscantur
587 2719 617 2766 ab
629 2736 656 2766 eo
671 2720 728 2783 ,qui
739 2737 786 2766 non
796 2720 867 2767 habet
876 2720 989 2782 jurisdic-

124 2787 212 2834 tionem
222 2785 246 2831 in
259 2801 313 2832 eum
326 2821 334 2842 ‚
350 2785 389 2848 qui
403 2785 528 2833 confitetur
543 2820 549 2843 ,
570 2785 646 2832 irritae
657 2791 712 2832 sunt
725 2784 851 2842 nonullae,
865 2792 891 2831 ut
901 2788 993 2834 monuit

123 2854 166 2909 lll.
177 2855 203 2898 l).
217 2852 299 2897 Frena.
314 2853 427 2898 fluisseret
440 2851 463 2898 iu
475 2852 563 2914 Synod.
575 2851 672 2896 Nnmur.
686 2852 721 2896 tit.
741 2853 763 2898 6.
777 2867 828 2912 cop.
839 2853 862 2896 t.
875 2852 932 2898 Nam
946 2888 952 2911 ‚
966 2863 992 2899 ut

123 2918 214 2964 dicitur
225 2916 249 2963 in
265 2917 323 2979 Spu.
334 2918 458 2963 Audomor.
474 2919 577 2979 cupiit.
591 2919 626 2962 tit.
641 2918 664 2960 7.
686 2917 750 2979 quod
762 2915 876 2964 statuitur
888 2934 974 2966 canone
988 2939 992 2964 :

124 2985 203 3030 Omnis
215 2984 428 3042 utrimquesecus,
442 2983 538 3045 proprio
550 2981 666 3030 sacerdoti
686 2997 725 3029 seu
738 2982 830 3031 Pastori
841 2982 940 3047 singulis
952 3002 992 3031 an-

125 3050 158 3096 nis
168 3047 329 3096 confitendum
339 3063 390 3094 esse
405 3048 490 3111 cuique
502 3048 589 3106 semel;
604 3063 650 3094 uon
663 3046 695 3092 ita
707 3047 886 3113 intelligendum
909 3052 974 3098 venit
986 3089 992 3107 ,

125 3114 189 3176 quasi
201 3112 257 3161 alias
268 3113 338 3160 liceat
351 3112 436 3176 cuique
448 3113 555 3160 confiteri
568 3114 605 3160 cui
616 3111 673 3159 velit
684 3147 691 3170 ,
704 3114 744 3161 sed
756 3114 802 3170 sic,
813 3122 839 3161 ut
851 3114 941 3175 fideles,
951 3119 993 3180 qui

125 3178 266 3244 regulariter
278 3181 326 3226 n'on
340 3184 451 3225 tenentur
464 3196 493 3226 ex
501 3176 555 3241 jure
567 3177 721 3226 ecclesiastico
734 3178 820 3244 saepius
831 3180 938 3228 confiteri
951 3200 993 3245 per

125 3262 210 3292 aunum
223 3283 230 3304 ,
246 3252 371 3293 teneantur
383 3244 467 3292 saltem
483 3246 512 3293 ad
530 3244 602 3292 semel
614 3243 771 3292 confitendum
783 3247 805 3293 iu
820 3263 891 3303 anno,
903 3255 928 3295 et
941 3251 993 3312 qui·

125 3311 178 3357 dem
188 3327 229 3358 suo
243 3311 338 3375 proprio
351 3310 472 3358 Sacerdoti
486 3347 493 3370 ‚
505 3310 541 3357 vel
555 3310 623 3358 alteri
644 3312 673 3357 dc
689 3312 738 3374 ejus
751 3311 869 3359 facultate.
883 3313 906 3360 Si
916 3323 995 3360 autem

128 3376 201 3423 velint
213 3376 301 3440 pluries
313 3392 384 3439 quarn
404 3376 476 3424 semel
493 3377 615 3435 confiteri,
628 3377 658 3424 ad
674 3378 738 3441 quod
762 3386 817 3424 sunt
839 3378 995 3434 cohortandi,

127 3441 214 3488 debent
226 3459 276 3489 earn
289 3442 458 3490 contessIonem
477 3442 588 3490 similiter
609 3443 687 3491 facere
697 3443 794 3507 proprio
817 3445 940 3501 Paroclro,
962 3446 998 3491 νοΙ

126 3505 195 3553 alteri
208 3542 214 3565 ,
229 3508 257 3553 de
267 3507 342 3570 ipsius
355 3507 485 3568 facultate,
499 3508 569 3557 salvis
582 3515 659 3557 tamen
671 3508 843 3573 Religiosorum
857 3508 997 3575 privilegiis.
