2220 4102
557 293 678 352 qap„

183 459 238 519 que
251 440 358 510 subsit,
373 458 425 500 cur
439 439 637 500 Conlessarius
652 457 707 499 nou
723 440 858 517 expedire
870 438 1003 517 judicet,
1025 448 1056 495 ut

96 578 98 583 -
181 539 323 616 poenitens
344 537 374 596 id
396 550 477 615 agat,
497 550 556 596 tum
573 537 693 616 ipsemet
719 537 754 596 ad
783 535 1055 603 Poeuitentiarium,

182 638 227 697 vel
242 639 277 697 ad
302 639 361 698 Nos
381 654 433 716 pro
456 636 635 695 absolvendi
649 649 791 715 potestate
812 635 996 714 impetranda
1013 653 1057 693 re-

183 748 288 796 currat.
303 735 334 796 Si
349 733 491 812 poenitens
505 743 585 793 extra
600 733 744 792 civitatem
759 734 816 803 sit,
834 733 949 812 taleque
971 750 1056 811 nego-

130 844 133 849 ’
182 836 253 893 tium
265 836 303 894 sit
315 881 323 905 ,
337 848 369 894 ut
380 835 443 911 ipse
454 832 651 893 Conlessarius
662 852 677 890 a
689 833 803 891 Vicario
819 845 916 892 nostro
929 831 1054 900 loraneo,

184 945 233 990 aut
247 932 305 991 alio
318 932 347 989 in
361 931 398 990 iis
413 929 484 990 locis
499 931 533 988 ad
548 930 652 988 similia
668 930 825 990 decidenda
837 949 853 989 a
865 930 955 990 Nobis
969 931 1057 1008 depn·

182 1043 241 1090 tato
256 1028 436 1107 subdelegari
452 1029 564 1107 possit,
579 1029 614 1087 ab
630 1029 673 1087 cis
697 1028 870 1089 absolvendi
885 1039 1057 1106 potestatem

186 1126 340 1205 legitimam
356 1126 505 1205 impetret,
521 1126 566 1184 vel
583 1127 769 1204 poenitentem
795 1127 828 1185 ad
845 1144 895 1186 eos
909 1126 1056 1196 remittat,

186 1226 240 1286 nisi
255 1225 328 1286 sorte
344 1244 397 1286 nec
419 1226 477 1305 ipsi
492 1245 508 1283 a
523 1225 638 1285 casibus
654 1227 807 1285 reservatis
822 1225 991 1285 absoluendi
1009 1240 1057 1304 po·

184 1335 316 1384 testatem
334 1323 456 1383 aNobis
471 1313 617 1395 habeant,
643 1335 692 1382 aut
713 1342 796 1383 casus
811 1323 867 1383 iste
889 1323 944 1382 sub
959 1341 1058 1382 eorum

120 1456 126 1464 ·
185 1422 304 1481 licentia
318 1421 546 1499 comprehensus
562 1440 617 1480 non
633 1422 671 1480 sit
688 1443 695 1479 :
711 1422 765 1481 boc
781 1435 909 1500 tempore
919 1421 946 1478 si
967 1420 1060 1498 poeni·

186 1533 249 1579 tens
273 1519 464 1579 Mediolanum
489 1518 585 1578 uenire
612 1519 724 1596 possit,
750 1519 881 1579 hortetur
896 1538 961 1578 eum
977 1531 1010 1577 ut
1033 1517 1060 1576 id

185 1619 292 1689 faciat;
307 1619 382 1696 quod
395 1618 419 1677 si
432 1618 468 1676 ad
483 1617 510 1676 id
528 1617 664 1678 inducere
678 1637 734 1678 non
752 1619 842 1695 possit
859 1665 866 1686 ‚
881 1630 960 1697 petat
976 1619 1013 1677 ab
1029 1635 1061 1676 eo

185 1718 315 1788 veniam,
331 1717 440 1776 dietum
457 1734 553 1776 casum
570 1717 675 1785 Nobis,
691 1717 737 1776 vel
761 1715 978 1775 Poeuitentiario
1000 1734 1062 1775 ma-

176 1817 239 1897 jori
255 1816 361 1876 litteris
376 1830 425 1875 aut
436 1816 533 1876 verbis
551 1816 717 1887 indicandi,
734 1828 876 1895 quatenus
890 1815 1062 1876 absolvendi

184 1915 220 1974 ab
235 1916 276 1975 eis
293 1926 462 1993 potestatem
477 1914 613 1994 impetret
629 1935 636 1973 :
652 1915 728 1992 quod
740 1932 827 1993 quum
841 1913 941 1982 lamet,
956 1924 985 1972 et
1000 1933 1061 1972 rem

184 2014 275 2088 ipsam
302 2013 407 2070 litteris
424 2013 598 2081 committet,
622 2011 822 2089 prudentiam,
841 2010 1064 2090 cautionemque

186 2127 324 2168 summam
348 2107 483 2166 adhibeat
499 2125 617 2166 necesse
627 2120 693 2192 ¹est,
716 2127 752 2167 ne
767 2108 827 2168 ullo
843 2108 926 2168 modo
942 2109 973 2168 in
989 2110 1062 2171 alio-

186 2225 249 2265 rum
266 2205 394 2264 notitiam
421 2206 519 2264 venire
541 2204 633 2283 possit
660 2227 666 2264 :
692 2219 721 2264 at
748 2225 814 2265 vero
840 2206 865 2265 si
889 2223 975 2267 causa
990 2211 1062 2269 tanti

187 2303 324 2362 momenti
343 2315 441 2371 esset,
456 2313 488 2361 nt
502 2302 526 2360 si
542 2301 647 2360 litterae
660 2303 706 2362 vel
722 2302 898 2381 perdantur,
914 2304 960 2363 vel
976 2306 1064 2367 inter·

188 2401 351 2479 cipiantur,
374 2399 466 2477 majus
480 2399 598 2478 aliquod
618 2401 768 2478 poenitenti
782 2401 994 2462 incommodum
1010 2405 1062 2463 im·

189 2501 314 2569 mineat,
332 2510 392 2556 tum
407 2496 601 2557 Mediolanum
618 2499 818 2560 confessarius
840 2502 941 2580 jubeat
966 2503 1062 2581 ipsum

188 2596 346 2676 proficisci,
362 2595 417 2655 nisi
432 2595 505 2654 forte
521 2596 683 2655 consultum
701 2597 829 2657 videatur
844 2611 875 2658 ut
888 2598 950 2677 ipse
967 2603 1063 2662 veniat

189 2694 310 2754 alterins
326 2694 451 2754 nomine.
715 2707 717 2711 ’

231 2797 369 2854 Caeterum
385 2795 414 2853 iu
441 2794 565 2873 negotiis
590 2795 733 2855 similibus
749 2796 919 2874 prudentius
935 2798 1062 2870 lanient,

190 2897 213 2953 si
230 2905 308 2952 recta
323 2895 357 2952 ad
380 2894 624 2972 poenitentiarium
642 2897 795 2975 majorem,
818 2915 902 2976 quam
917 2917 1048 2978 qnoquar

189 2993 247 3052 alio
273 3006 437 3064 recurrant,
451 2995 497 3052 nel
512 3012 545 3052 eo
562 2994 735 3072 poenitentes
748 3014 815 3055 suos
830 2995 956 3074 dirigant
973 3017 981 3058 :
998 3019 1041 3080 sp<

191 3092 304 3152 cialiter
323 3091 399 3150 enim
414 3110 429 3150 a
445 3093 534 3152 Nobis
548 3095 581 3152 ad
600 3094 628 3152 id
654 3096 825 3154 constitutus
850 3108 895 3154 est
920 3097 972 3156 ille
1001 3119 1035 3160 cu

191 3189 286 3267 ampla
302 3190 387 3248 etiam
408 3202 547 3268 potestate
562 3191 635 3249 alios
651 3191 857 3270 subdelegaudi
873 3192 901 3251 in
918 3193 955 3253 iis
970 3215 1037 3256 omn

191 3291 244 3348 bus
257 3289 390 3368 negotiis,
403 3307 464 3366 qnae
476 3307 527 3366 pro
540 3307 655 3347 casuum
665 3303 871 3350 reservatnrnm
880 3293 1035 3356 absolutior

191 3389 317 3448 difficilia
335 3386 593 3457 occurrencouou
611 3388 633 3446 si
653 3406 704 3447 nec
719 3389 780 3466 ipse
796 3390 1033 3456 Poenitentiarius
