2228 4094
511 318 613 376 ..4,-

121 471 245 548 talogum
261 470 505 530 Confessariorum
518 470 630 546 quosad
644 468 826 528 hocofficium
842 469 995 547 elegerint,

119 569 203 647 quive
218 569 247 628 in
265 569 318 629 hac
343 568 479 638 civitate,
500 569 544 627 vei
572 567 688 628 dioecesi
714 581 810 628 nostra
838 569 996 637 habitant,

119 671 201 728 nobis
216 669 389 733 exhibeant,
405 688 460 746 quo
483 688 579 728 eorum
606 669 720 728 nomina
737 669 924 746 ,cognomina
942 715 950 738 ,
965 683 996 728 et

121 768 215 824 natale
226 767 319 824 solum
336 760 507 824 habeantur.

159 863 216 924 Sed
232 863 298 940 quia
313 862 417 942 saepias
432 862 590 941 contingit,
604 877 634 922 ut
651 881 702 942 per
716 882 831 923 suorum
857 864 995 925 obedien-

119 963 185 1020 tiam
200 975 365 1032 mutentur,
381 960 487 1022 ideirco
502 961 547 1020 bis
563 961 592 1019 in
607 981 683 1022 anno
705 963 870 1042 praedictum
887 965 994 1025 catato-

117 1082 181 1138 gum
195 1063 279 1121 nobis
293 1061 413 1120 offerent
428 1081 435 1130 ;
452 1061 574 1138 primum
590 1062 702 1139 quidem
716 1063 750 1122 ad
766 1062 887 1142 primam
902 1065 996 1141 septi-

118 1177 228 1217 manam
254 1158 420 1230 Adventus,
456 1159 612 1218 secundum
652 1160 756 1220 deinde
781 1161 881 1239 primis
912 1161 995 1221 seriis

118 1257 356 1338 Quadragesimae.
395 1258 568 1318 Confessarii
600 1271 725 1326 antem,
754 1261 804 1337 qui
838 1260 867 1319 in
894 1275 993 1319 nostra

118 1357 234 1417 ttioeccsi
249 1369 417 1427 versantur,
436 1357 603 1417 Pastorihus
619 1404 627 1428 ,
648 1369 696 1416 aut
708 1358 829 1417 Vicariis
843 1359 968 1420 foraneis
986 1409 994 1430 ,

117 1456 310 1523 testimonium
323 1455 506 1516 admissionis
517 1475 585 1529 suae,
597 1476 652 1535 qua
663 1456 698 1516 od
714 1457 878 1536 hujusmodi
890 1478 996 1519 munus

118 1557 214 1615 idonei
229 1575 293 1617 esse
304 1556 427 1635 judicati
444 1569 511 1615 sunt
527 1603 534 1626 ‚
550 1557 776 1635 quotiescunque
792 1557 884 1617 abeis
899 1560 996 1637 exige-

116 1670 164 1714 tur
179 1703 186 1723 ,
203 1675 238 1715 ne
254 1667 388 1715 recusent
402 1654 552 1714 ostendere
567 1675 574 1714 :
589 1656 617 1713 in
632 1654 750 1734 templis
763 1674 830 1716 vero
843 1657 871 1715 in
888 1659 994 1734 quibus

116 1754 217 1831 plures
231 1766 298 1813 sunt
313 1751 486 1813 confessarii
503 1799 510 1823 ,
527 1751 555 1812 in
567 1752 805 1813 foribussacrarii
817 1754 914 1813 tabula
930 1775 993 1815 sns-

120 1869 208 1929 pensa
222 1851 362 1911 habeatur
375 1899 382 1922 ,
397 1869 460 1932 quae
485 1869 583 1911 omnes
600 1851 662 1930 ejus
677 1852 777 1931 templi
793 1851 991 1913 Confessarios

116 1973 132 2012 a
147 1954 231 2012 nobis
243 1952 586 2032 approbatoscontineat‚
604 1970 666 2030 quae
679 1952 762 2011 toties
776 1952 913 2010 mutanda
927 1953 995 2024 erit,

116 2052 228 2127 quoties
242 2053 292 2109 alii
307 2050 480 2128 deligentur.

156 2147 334 2206 confessarii
350 2147 400 2224 qui
415 2147 573 2205 acensuris
598 2160 627 2204 et
651 2147 766 2205 casibus
781 2148 933 2206 reservatis
944 2149 993 2205 ab·

115 2244 243 2303 solvendi
262 2253 431 2322 potestatem
447 2242 559 2301 anobis
575 2242 700 2310 hahent,
722 2260 831 2300 summa
847 2261 910 2301 cum
924 2264 991 2320 pru-

116 2342 213 2402 dentia
227 2361 288 2401 eam
305 2352 468 2408 exerceant,
484 2353 515 2398 ut
530 2341 567 2398 sit
581 2337 761 2398 aedificationi
777 2340 873 2419 potius
885 2387 892 2412 ,
906 2360 990 2419 quam

116 2441 304 2501 destructioni
334 2440 436 2499 locus:
465 2437 649 2516 quamobrem
676 2438 700 2496 si
728 2438 757 2498 in
784 2437 937 2499 utilitatem
963 2454 991 2500 et

94 2540 251 2600 ,auxilium
263 2537 431 2619 poenitentis
443 2536 493 2614 qui
510 2535 538 2594 in
554 2535 670 2614 aliquod
685 2535 825 2616 ejusmodi
842 2551 988 2617 peccatum

115 2640 251 2701 inciderit
268 2687 276 2712 ,
289 2638 565 2719 judicentexpedire
592 2637 627 2697 ad
653 2657 705 2699 nos
733 2657 797 2698 eum
819 2639 991 2709 remittere,

115 2742 302 2802 admoneatur
316 2753 347 2800 ut
358 2737 387 2797 id
403 2737 497 2796 facere
509 2737 621 2798 debeat.

155 2842 264 2901 Omnes
278 2837 470 2900 confessarios
483 2838 612 2927 quamvis
624 2859 639 2896 a
651 2837 734 2898 nobis
750 2852 781 2898 ut
793 2839 889 2900 idonei
901 2843 988 2900 semel

116 2940 232 3000 admissi
244 2939 351 3000 fuerint
367 2984 374 3010 ,
390 2952 483 2998 tamen
499 2939 536 2999 ob
550 2957 650 3017 graves
665 2985 673 3008 ‚
689 2952 717 2998 et
728 2938 856 3000 diversos
869 2957 991 3016 scrupu-

115 3040 180 3108 los,
194 3040 242 3116 qni
259 3037 465 3117 poenitentibus
478 3037 507 3096 in
530 3038 603 3098 dies.
617 3050 791 3102 occurrunt,
807 3048 837 3095 et
850 3038 990 3116 plurimas

115 3138 297 3198 difficultates
311 3137 366 3197 sibi
378 3138 554 3198 cohaerentes
568 3138 695 3212 habent,
712 3136 893 3216 praemonitos
908 3137 989 3196 volu-

115 3256 178 3295 mus
195 3283 201 3307 ,
220 3249 252 3296 ut
267 3237 356 3296 bonos
373 3283 380 3305 ,
396 3249 425 3295 ct
448 3235 586 3295 classicos
603 3246 733 3294 auctores
749 3232 903 3293 nonattilos
917 3281 924 3303 ,
939 3236 989 3311 qui

115 3355 197 3396 casus
212 3335 394 3394 conscientia
405 3353 438 3392 ex
451 3332 578 3411 professo
604 3345 728 3391 tractant
745 3378 752 3401 ,
767 3332 899 3392 manibus
921 3351 989 3392 con-

116 3437 194 3495 tinue
211 3446 303 3494 terant
319 3480 327 3505 ,
345 3432 419 3510 qnod
433 3432 456 3491 si
470 3450 525 3491 non
545 3431 698 3490 videantur
710 3430 765 3490 sibi
780 3430 849 3492 satis
862 3431 965 3510 judicii
981 3481 988 3504 ‚
