2220 4102
492 296 614 356 „pp-

113 443 253 504 orationis
264 456 293 502 et
304 442 488 504 utilissimum
504 444 636 505 omnihus
661 457 689 503 et
710 443 835 503 maxime
858 463 981 505 necessa·

113 545 186 603 rium
210 556 253 602 est
273 544 308 601 ud
328 542 452 602 divinam
471 544 589 623 gratiam
607 545 850 613 conservandam,
866 544 918 604 sed
933 545 981 606 baet

113 641 256 702 invocatio
274 642 417 701 tutissime
433 642 640 720 poenitentibus
655 643 890 713 commendatum
903 663 981 722 quare

113 741 313 802 Confessarios
327 754 442 801 nostros
454 742 612 812 hortamur,
625 754 656 800 ut
671 741 805 800 omnibus
820 741 885 800 suis
900 743 982 822 poeni·

114 841 240 900 tentibus
257 841 336 899 illum
350 843 566 912 commendeut3
582 841 731 920 speciatim
744 859 812 902 vero
828 841 854 902 si
867 845 922 922 qui
935 843 982 904 sint

112 941 217 1019 spiritu
234 941 358 1000 debiles.

154 1040 216 1099 Xll.
241 1040 383 1100 Omnibus
399 1039 461 1098 suis
476 1039 694 1118 poenitentibus,
709 1057 781 1118 quos
801 1039 837 1097 ud
854 1039 982 1118 pietaten

113 1139 202 1218 magis
218 1139 373 1218 dispositos
389 1139 555 1218 reperient,
571 1139 717 1198 inculcare
731 1151 867 1218 satagant
881 1140 981 1201 exerti

115 1241 185 1300 tium
201 1240 340 1301 orationis
356 1240 502 1310 mentalis,
518 1241 678 1317 praesertim
698 1239 807 1319 puellis
829 1253 859 1300 et
879 1241 981 1322 juveni·

114 1340 184 1408 bus;
210 1357 304 1414 neque
321 1337 462 1394 charitate
478 1356 528 1395 sua
554 1337 703 1410 indignum
719 1337 841 1397 credant
856 1341 980 1400 statimt

114 1436 257 1516 principio
280 1455 329 1494 eos
356 1435 476 1493 edocere
495 1436 658 1496 methodum
674 1436 756 1496 illius
777 1437 937 1513 orationis,
956 1456 981 1501 at

114 1546 212 1612 postea
228 1533 382 1611 diligenter
397 1531 475 1610 ipsos
499 1533 697 1612 interrogent,
723 1547 819 1595 utrum
835 1537 922 1599 illam
936 1558 981 1601 nrt

114 1630 275 1701 omiserint,
289 1648 408 1708 eosque,
422 1629 446 1688 si
462 1649 523 1688 earn
536 1631 730 1710 neglexerint,
744 1633 980 1714 increpentur·

116 1729 260 1808 negligant
286 1729 418 1788 omnibus
443 1743 471 1786 et
499 1729 610 1789 devotis
633 1743 662 1789 et
677 1732 884 1809 peccatoribus
899 1736 982 1797 ineol-

114 1847 179 1887 eare
197 1827 331 1906 pietatem
354 1827 491 1886 adversus
509 1813 708 1887 Beatissimam
735 1830 981 1909 virginemne

113 1927 199 1986 tando
212 1928 331 1988 Rosario
343 1973 350 1997 ,
362 1926 545 1986 celebrandis
557 1926 777 1987 novendialibus
793 1943 825 1990 et
840 1933 980 2012 speciali·

113 2045 175 2087 sese
190 2026 235 2083 illi
258 2025 482 2085 commendando
500 2046 580 2085 mane
595 2039 623 2085 et
633 2045 765 2105 vespere,
782 2031 934 2094 recitando
947 2046 982 2094 tc

113 2126 350 2193 duodecimum
363 2135 479 2200 peccato
488 2124 601 2184 mortali
615 2129 988 2195 serventurbifficitttnm-

114 2232 158 2279 est
174 2218 295 2278 aniruam
313 2220 341 2278 in
366 2221 457 2300 gratia
484 2220 535 2280 Dei
564 2241 748 2301 perseverare
772 2240 863 2309 atque
889 2228 981 2297 sulrtti

113 2319 174 2378 sine
190 2317 309 2396 speciali
325 2320 475 2380 devotione
491 2339 555 2398 erga
582 2336 702 2383 matrem
715 2325 780 2398 Dei,
804 2350 871 2409 quae
885 2332 981 2395 idaim

113 2431 230 2478 vocatur
244 2421 333 2477 Mater
345 2421 579 2482 Perseverontior.
