2228 4094
513 273 616 329 ..5--

123 420 173 478 tali
186 420 307 481 insectus
324 468 330 490 ‚
347 422 560 482 Sacramentum
576 419 696 497 quodvis
708 420 888 480 administrat
906 465 912 487 ,
927 441 1001 480 novo

124 519 233 577 scelere
252 537 350 579 rursus
367 519 525 598 obstringat
540 539 547 588 ;
564 518 719 595 diligenter
748 519 919 589 observent,
947 521 999 596 qui

123 616 299 676 confessarii
327 629 425 694 partes
452 630 562 695 agunt,
588 637 624 675 ne
648 633 712 675 cum
729 617 840 695 peccati
867 618 1000 676 mortalis

123 714 297 776 conscientia
311 716 505 776 consessiones
531 716 668 786 audiant,
689 716 779 775 multo
798 715 893 775 minus
908 702 936 773 id
954 737 1007 774 an-

123 813 227 882 deant‚
245 814 269 872 si
285 833 340 891 qua
356 833 476 872 censura
490 826 640 873 teneantur
657 813 864 873 Ecclesiastico
880 814 980 891 legati.

162 912 219 983 Qui
235 930 302 972 vero
318 913 420 971 fervidi
434 912 520 970 animi
538 912 735 972 confessarius
751 926 809 982 cst,
827 913 1006 970 animarum-

123 1030 178 1087 que
191 1011 293 1069 salutis
309 1011 403 1069 studio
422 1023 551 1080 tenetur,
570 1024 599 1068 ut
611 1029 659 1070 eas
681 1010 717 1068 ad
733 1012 856 1070 virtutes
870 1011 978 1069 indicat
999 1075 1006 1094 ‚

121 1110 285 1186 divinisque
310 1109 448 1168 remediis
475 1111 613 1189 adjuret,
638 1110 744 1187 quihus
768 1123 867 1169 contra
888 1125 1008 1189 peccata

120 1209 165 1266 vel
182 1207 323 1285 poenitens
337 1220 432 1266 utatur
453 1209 518 1279 ‚vel
547 1209 582 1267 ab
604 1209 711 1269 eisdem
734 1211 938 1281 abstrahatur3
955 1213 1007 1286 qui

121 1305 222 1364 doceat
244 1305 343 1364 itidem
367 1305 503 1365 daemonis
528 1306 646 1364 astutias
672 1319 840 1385 perspectas
870 1307 977 1365 habero
1001 1314 1008 1362 ;

121 1405 169 1480 qni
185 1403 296 1460 demum
314 1402 499 1480 poenitentem
524 1422 628 1463 exuere
652 1415 776 1463 veterem
793 1404 937 1462 hominem
954 1451 960 1471 ‚
976 1418 1007 1461 et

122 1502 357 1561 noruminduere
381 1502 508 1573 laboret,
523 1520 556 1560 ac
582 1503 743 1580 confingere
761 1505 789 1560 in
821 1520 854 1560 eo
883 1503 1005 1561 sormam

119 1601 265 1679 aliquam,
281 1601 468 1680 speciemque
482 1601 604 1680 perfecti
618 1600 777 1661 Christiani
793 1621 801 1668 ;
819 1601 959 1660 nonsatis
975 1603 1004 1659 id

120 1697 177 1758 sibi
189 1698 296 1758 habere
311 1698 417 1768 debet,
440 1698 464 1757 si
486 1698 560 1758 nulli
574 1709 690 1776 peccato
717 1698 832 1757 mortali
863 1698 1007 1759 obnoxius

120 1798 335 1857 Sacramentum
351 1796 530 1856 Poenitentiae
556 1794 717 1868 ministret,
734 1796 783 1857 sed
812 1815 898 1874 quum
915 1797 1004 1856 facile

120 1907 293 1976 cognoscat,
309 1915 480 1975 magnopere
493 1897 601 1958 referre
615 1897 650 1955 ad
664 1896 854 1975 praestandum
871 1915 919 1966 ea,
936 1914 999 1972 quae

120 1996 195 2054 dicta
212 2007 280 2053 sunt
299 1996 401 2072 ‚prius
414 1996 443 2053 in
460 2013 491 2054 se
506 1996 570 2074 ipso
587 1995 746 2074 exprimere
762 2043 769 2066 ‚
785 1995 890 2074 quaein
908 1995 999 2055 altero

118 2092 215 2149 videre
229 2091 373 2148 desiderat
388 2137 395 2159 ,
411 2091 642 2169 quandoquidem
660 2091 726 2168 plus
750 2090 878 2168 exempla
895 2112 1002 2168 ‚quam

119 2188 206 2246 verba
223 2202 400 2247 commovent
416 2188 547 2256 animos;
567 2205 660 2264 neque
676 2188 740 2264 quis
754 2188 877 2247 aliorum
893 2190 996 2247 animis

119 2287 289 2363 ingenerare
303 2284 435 2343 virtutem
447 2295 558 2361 potest,
572 2301 656 2361 quam
668 2293 734 2341 ante
746 2302 803 2342 non
819 2285 848 2341 in
864 2303 894 2342 se
911 2287 1002 2360 possi-

118 2384 204 2453 deat;
221 2381 329 2441 idcirco
357 2379 544 2461 perfectionis
561 2399 619 2440 suae
647 2387 724 2439 totus
753 2397 849 2439 amore
874 2380 1001 2442 ferveat,

121 2501 238 2544 necesse
251 2497 305 2554 est,
321 2495 406 2560 atque
420 2481 458 2539 iis
473 2479 501 2536 in
517 2479 671 2537 virtutihus
686 2479 870 2556 acquirendis
884 2498 999 2557 operam

118 2584 284 2662 diligentem
300 2594 387 2661 ponat
400 2627 407 2649 ,
422 2578 528 2658 quibos
543 2579 606 2657 ipsa
620 2576 758 2656 perfectio
772 2579 942 2656 acquiritur.

159 2683 215 2741 Sed
228 2680 364 2760 quoniam
382 2676 561 2756 Regulares,
584 2693 670 2754 quum
688 2675 723 2733 ad
740 2676 935 2736 consessiones
951 2697 1000 2735 au-

117 2781 238 2839 diendas
253 2779 422 2840 emittuntur
435 2823 443 2846 ‚
456 2776 548 2834 solum
573 2774 728 2834 examinari
757 2774 851 2835 solent
868 2823 875 2845 ,
905 2778 999 2835 sintne'

116 2878 308 2947 sufficientes,
324 2874 523 2936 etdoctri-nam
543 2874 649 2952 justam
667 2873 813 2943 habeant,
837 2894 929 2953 neque
946 2895 999 2933 nos

116 2978 202 3036 aliter
214 2988 379 3055 perspectos
395 2991 593 3034 moreseorum
609 3020 616 3040 ‚
633 2985 663 3033 et
682 2973 837 3033 bonitatem
853 2974 917 3032 vitae
933 2994 1000 3051 pro-

116 3077 211 3134 batam
230 3089 327 3135 tenere
340 3092 510 3152 possumus;
529 3072 592 3134 ideo
609 3072 797 3151 Superiorum
810 3090 908 3130 eorum
926 3090 998 3130 con-

115 3173 250 3232 scientias
265 3190 437 3242 oneramus,
454 3184 485 3230 ut
496 3172 531 3230 ad
549 3169 714 3250 hujusmodi
737 3168 928 3248 provinciam·
940 3188 997 3226 non

115 3273 188 3332 alios
201 3270 285 3331 nobis
300 3271 328 3328 in
345 3270 493 3346 pubiicum
509 3268 662 3339 deducant,
691 3287 778 3345 quam
794 3266 995 3344 quiprobitnte

115 3384 199 3448 atquc
226 3368 390 3446 integritate
405 3367 468 3426 vitae
484 3365 557 3425 tales
574 3365 637 3424 sint
653 3410 661 3435 ‚
681 3365 728 3442 qui
744 3364 928 3424 laudabiliter
943 3366 996 3424 hoe
