2228 4094
483 354 605 412 ,μμ

114 526 139 565 v.
162 507 335 566 Reddcmiiti
350 509 478 564 lotitiam
489 511 629 564 salutaris
643 511 699 563 tui.

115 625 141 663 n.
163 607 199 664 lit
209 609 317 680 spiritu
334 608 494 678 principali
508 609 643 676 confirma
654 623 708 660 mo.

115 724 140 763 v.
164 709 269 764 Docebo
283 708 400 777 iniquos
414 707 479 764 oras
495 714 569 766 tuas.

116 822 143 862 n.
165 804 201 860 Et
209 806 294 876 impii
308 807 346 860 aci
361 812 387 859 tc
401 812 610 861 convertentur.

116 920 142 959 v.
164 902 266 959 Libera
280 919 322 957 me
334 903 367 958 dc
381 904 570 973 sanpuinibus
582 902 672 963 Deus,
697 899 772 955 Deus
792 899 897 953 salutis
912 914 995 952 mea.

117 1019 143 1057 v.
166 1000 202 1055 tte
214 1001 354 1056 cauitabit
365 1001 467 1071 tinpna
480 1016 542 1054 mea
552 1001 701 1069 justitiam
716 1006 804 1052 tuam.

479 1158 629 1219 ORATIO.

159 1298 276 1353 Domine
297 1297 371 1352 Deus
386 1299 581 1367 omnipotens,
597 1297 742 1366 propitius
766 1302 823 1348 esto
838 1294 911 1348 mihi
926 1310 995 1362 poc-

121 1397 233 1459 catori,
249 1402 281 1450 ut
294 1395 379 1465 dipne
393 1396 501 1464 possim
520 1395 573 1448 tibi
585 1395 698 1464 acation
709 1409 808 1463 apere,
823 1394 874 1461 oui
888 1407 931 1444 me
948 1394 998 1444 in-

121 1496 240 1565 dipnum
254 1501 371 1566 propter
385 1501 466 1549 tuam
479 1510 615 1564 mapnam
632 1493 875 1555 miscricordiam,
890 1492 996 1544 minis-

123 1601 200 1647 trum
214 1593 306 1661 fecisti
320 1593 404 1663 officii
414 1593 618 1657 sacerdotalis,
638 1599 663 1647 ct
677 1607 719 1646 mc
731 1592 885 1660 cmipuum,
901 1591 998 1643 hami-

124 1690 231 1759 tcmpuc
242 1690 425 1745 mediatorem
435 1690 610 1746 constituisti
621 1691 659 1746 ari
672 1691 813 1744 orandum
827 1731 834 1753 ,
853 1696 878 1741 ct
902 1689 998 1741 inter-

122 1789 274 1844 cedentium
284 1792 322 1845 ad
332 1789 484 1846 Dominam
490 1797 619 1845 nostrum
625 1788 720 1845 ieram
729 1786 875 1844 Christum
888 1785 998 1840 Filium

124 1894 203 1943 tuum
216 1904 269 1959 pro
282 1889 495 1958 peccatoribus,
511 1896 537 1943 et
554 1891 592 1944 act
608 1890 808 1960 ponitentiam
827 1887 997 1941 revertenti-

123 1986 184 2042 bus.
198 1986 317 2059 ideoque
331 1990 495 2044 dominator
511 1989 583 2046 Deus
596 2031 603 2051 ,
630 1992 681 2059 qui
705 2004 799 2043 omncs
814 1985 940 2040 homines
950 1987 999 2037 cis

124 2085 218 2138 saluas
232 2087 314 2150 fieri,
329 2092 355 2139 ot
369 2086 406 2140 ad
420 2087 597 2155 apnitionem
611 2088 743 2140 caritatis
754 2087 860 2143 uenire,
871 2083 921 2149 qai
937 2097 998 2135 non

125 2181 170 2234 uic
182 2185 300 2234 mortem
312 2185 495 2248 peccatorum
506 2221 513 2243 ,
524 2182 572 2235 sed
586 2189 618 2235 ut
632 2184 872 2236 convertanturet
886 2180 998 2242 vivona

1 2278 3 2280 ’
80 2308 81 2312 ,
126 2279 236 2347 suscipe
250 2277 409 2336 orationem
421 2287 532 2339 meam,
555 2293 643 2347 quam
657 2280 746 2345 sunda
766 2292 819 2346 pro
835 2275 953 2343 famatis
971 2287 1000 2331 ct

125 2375 289 2445 tumulatas
302 2377 360 2431 tuis
374 2416 382 2440 ‚
398 2377 449 2446 aui
466 2377 505 2430 oct
523 2377 723 2445 poenitentiam
735 2379 890 2434 venerunt,
907 2379 938 2426 ut
950 2375 1000 2429 des

126 2473 187 2527 iilis
214 2475 351 2542 spiritum
376 2474 624 2544 compunctionis,
647 2473 819 2542 resipiscant
848 2489 866 2525 a
890 2471 1001 2527 diaboti

129 2573 240 2642 taqucis
254 2613 262 2635 ,
276 2573 380 2643 quibus
391 2573 524 2626 adstricti
535 2578 674 2636 tenentur,
689 2579 721 2627 ut
732 2575 770 2629 ad
782 2579 806 2627 tc
818 2589 869 2643 por
879 2573 1001 2642 dipnam

129 2673 353 2741 satisfactionem
380 2671 670 2729 convertuntuntur
697 2677 821 2730 eumdem
847 2674 1001 2732 Dominum

129 2779 258 2828 nostrum
270 2771 366 2828 iesum
381 2768 537 2828 Christum.

473 2948 591 3009 CAPUT
615 2950 659 3009 vt.

312 3110 346 3150 ott
360 3111 456 3151 niutau
471 3113 596 3153 Austrum
611 3114 806 3156 CONFESSiOMS.

173 3219 210 3296 (a)
226 3221 395 3284 Sacerdotes
411 3214 562 3285 saecuiores
578 3244 632 3284 non
658 3228 712 3285 nisi
741 3241 804 3305 toga
820 3241 848 3285 et
863 3229 936 3286 stota
952 3231 1003 3289 de-

131 3329 230 3377 center
253 3319 366 3391 amicti,
392 3324 563 3400 poenitentes
590 3323 817 3402 audientzquod
833 3325 918 3385 etiam
943 3340 1003 3388 tuto

164 3449 199 3514 (a)
210 3448 332 3499 Consentit
344 3452 460 3501 Martinus
471 3455 598 3517 Rpthocius
610 3455 634 3502 in
643 3441 701 3520 Syn.
715 3458 806 3519 iprensi
821 3475 871 3522 cap.
899 3462 940 3508 15.
964 3466 1000 3512 tit.

135 3516 382 3567 communiebant
395 3535 482 3583 ,quem
494 3519 518 3567 in
533 3519 679 3570 confessario
704 3523 805 3587 requirit
819 3525 954 3585 ‚.addens‚
976 3537 1005 3575 ut
