2228 4094
569 300 691 358 ..20-

236 448 351 519 Quaerat
364 459 457 508 utrum
479 446 681 526 diligentiam,
702 460 788 525 atque
813 447 984 507 industriam
1000 466 1069 508 con·
1106 496 1108 517 ,

193 559 340 625 grceutem
356 547 386 605 in
401 546 577 609 conscientia
597 547 671 606 bene
691 547 878 607 examinanda
893 547 1067 619 collocarit;
1106 542 1108 547 ’

194 666 257 725 quae
274 665 343 708 sane
356 659 436 707 tanta
461 646 643 726 requiritur,
669 659 775 726 quanta
793 647 822 706 in
837 647 951 726 negotio
966 650 1071 726 quouis
1106 654 1108 659 ’

194 745 307 804 maximi
335 745 470 824 ponderis
490 745 586 805 inesse
607 746 703 804 solet:
721 763 766 804 res
780 745 856 804 enim
880 763 948 805 vere
964 765 1070 825 opero·

193 846 306 906 sissima
317 858 373 917 est,
386 846 421 905 ad
433 846 647 906 Sacramentum
659 844 839 905 Poenitcntiae
850 844 905 904 rite
915 848 1071 916 accedere;

193 955 278 1020 atque
305 944 361 1002 lroc
386 942 450 1001 loco
477 942 502 1000 si
517 941 675 1002 necessitas
689 942 840 1022 efflagitet,
866 960 930 1002 eum
951 943 988 1002 de
1004 947 1069 1005 utili

190 1040 315 1117 quodam
343 1040 425 1099 modo
440 1056 557 1099 examen
572 1039 753 1100 conscientiae
773 1039 898 1100 faciendi
913 1041 1070 1113 instituat,

195 1155 323 1214 quaenam
348 1137 421 1198 ratio
446 1137 485 1197 sit
519 1137 554 1196 ad
580 1138 745 1198 memoriam
772 1138 925 1199 revocandi
951 1155 1070 1216 peccata

194 1235 363 1307 commissa,
386 1253 449 1296 cum
464 1236 503 1296 iis
516 1254 578 1314 quae
600 1235 786 1296 circumstant
800 1237 894 1296 omnia
908 1283 915 1307 ‚
930 1237 1069 1298 nimirum

194 1345 224 1392 ut
236 1332 413 1412 ingrediatur
427 1333 456 1393 in
468 1333 596 1412 seipsum
613 1334 756 1412 ,vitaeque
770 1348 899 1413 tempora
916 1335 1069 1412 speciatim

192 1443 352 1509 percurrat,
363 1431 445 1492 initio
460 1431 576 1511 quidem
589 1447 726 1511 quantum
738 1433 773 1492 ad
787 1445 901 1493 actatum
913 1450 1070 1506 momenta,
1106 1452 1108 1457 ’

192 1530 347 1608 pueritiam
373 1530 507 1604 scilicet,
530 1532 732 1612 juventutem,
757 1545 785 1592 et
801 1546 901 1594 caetera
919 1534 1070 1612 pertinet:

192 1629 317 1689 secundo
328 1642 465 1707 quantum
480 1629 515 1688 ad
531 1640 623 1690 status
638 1631 843 1702 mutationem;
860 1634 936 1711 quod
952 1633 977 1692 si
999 1655 1069 1694 uro-
1106 1658 1108 1699 :

192 1743 252 1785 rent
268 1726 399 1801 duxerit,
413 1728 555 1808 quomodo
571 1740 658 1802 ante,
673 1729 814 1808 quomodo
840 1743 905 1808 post
918 1730 1068 1793 Matrimo-

158 1830 179 1861 ‘·
192 1825 271 1888 nium
295 1839 473 1889 contractum
497 1845 561 1888 sese
584 1827 705 1906 gesserit
722 1846 729 1886 :
745 1828 831 1888 tertio
846 1841 983 1906 quantum
997 1831 1069 1890 lacit

191 1926 226 1986 ad
246 1926 459 1989 vicissitudines
483 1926 614 1988 humanae
637 1927 723 1997 vitae,
747 1927 776 1986 in
803 1928 890 1987 rebus
917 1933 1068 2006 prosperis

191 2027 343 2097 videlicet,
357 2040 386 2088 ct
400 2026 526 2105 adversis
541 2027 591 2098 ,in
607 2028 730 2088 sanitate
745 2038 774 2086 et
787 2026 977 2106 aegritudine,
993 2041 1069 2087 tem-

192 2141 262 2200 pora
288 2123 390 2196 varia,
416 2122 509 2187 officia
537 2124 651 2185 diversa
667 2142 731 2203 quae
744 2125 892 2194 exercuit,
909 2124 1067 2199 sodalitia,

192 2221 271 2289 loca,
286 2221 430 2300 regiones,
458 2219 610 2297 inquibus
631 2221 690 2299 egit
714 2233 744 2278 et
757 2232 887 2280 versatus
902 2233 945 2278 est
964 2242 970 2278 :
988 2226 1069 2286 circa

190 2318 251 2378 lraec
265 2318 360 2378 omnia
374 2319 468 2379 rideat
485 2336 539 2388 ,an
555 2318 660 2389 corde,
674 2318 786 2397 lingua,
800 2318 846 2376 vel
861 2335 947 2396 opere
962 2337 1070 2396 pecca.

189 2417 262 2476 uerit
276 2417 442 2496 aliquando.

229 2516 271 2575 Ad
287 2517 347 2576 lraec
360 2515 540 2576 conditiones
560 2534 623 2593 quae
635 2516 670 2575 ad
684 2516 892 2576 confessionem
908 2518 1065 2594 perfectam

189 2615 390 2693 requiruntur,
404 2625 511 2693 quanta
526 2616 633 2692 poterit
644 2614 783 2675 brevitate
797 2662 805 2687 ‚
819 2630 848 2675 et
862 2616 1000 2675 facilitate
1019 2621 1067 2678 illi

189 2727 348 2792 proponet;
363 2710 469 2790 poterit
493 2730 560 2771 vero
576 2711 611 2770 od
627 2724 748 2790 quatuor
762 2759 770 2783 ‚
784 2713 829 2773 vel
847 2714 977 2792 quinque
992 2735 1066 2793 prae-

189 2811 289 2888 cipuas
315 2811 452 2871 reducere
476 2809 544 2870 illas
566 2809 602 2870 de
627 2809 752 2875 sedicem
768 2830 784 2868 a
800 2812 972 2872 Doctoribus
986 2832 1065 2893 saepc

188 2919 440 2980 commemoratas,
454 2926 516 2988 quoe
531 2909 577 2970 his
590 2909 723 2970 versibus
739 2912 939 2970 continentur.

228 3025 274 3082 Sit
287 3027 422 3098 simplem,
437 3029 554 3086 humilis
574 3032 728 3100 cocleario,
743 3047 837 3102 poro,
856 3031 960 3098 fidelis,

228 3129 319 3196 Atque
333 3130 481 3197 frequens,
498 3131 591 3194 nuda,
604 3131 743 3194 discreta,
760 3131 849 3186 iibens
864 3173 870 3196 ,
884 3131 1062 3196 uerecunda,

227 3224 362 3297 Integra,
383 3235 492 3283 secreto
506 3235 533 3283 et
546 3230 751 3295 lacrimabilis,
766 3231 937 3293 accelerato,

228 3321 323 3378 Fortis
338 3330 363 3378 ct
378 3339 539 3389 accusares,
559 3332 585 3379 ct
601 3327 639 3380 rit
653 3343 753 3395 parcre
767 3336 884 3397 parato.

227 3433 349 3512 Rogabit
374 3454 409 3493 an
441 3435 604 3495 recordetur
619 3454 669 3505 se,
697 3435 742 3493 uel
770 3435 798 3493 in
825 3455 919 3496 casum
936 3437 1062 3516 aliquem
