2220 4102
494 263 616 322 ...9ss—

118 426 149 474 ut
163 413 237 473 viros
262 411 378 474 Christo
407 412 557 490 adjunctos
572 411 729 490 impensius
755 409 891 481 excolas,
908 428 990 489 quam

117 533 214 574 eornm
225 530 337 572 uxores.
349 513 419 571 Nam
432 531 517 590 quum
531 523 631 570 natura
639 511 849 571 constantiores
862 509 992 581 sintviri,

117 625 146 671 et
159 613 194 671 ab
220 611 261 670 eis
276 610 431 669 domestico
446 610 572 689 pendeat
596 610 772 688 disciplinu;
800 609 915 668 rectius
931 626 993 687 pro·

116 710 190 769 secto
205 709 280 786 apud
306 727 355 767 eos
370 719 455 786 atque
470 707 571 767 utilius
596 726 682 785 opem
707 707 884 766 collocatur.
906 706 993 766 Reete

116 809 193 868 enim
205 808 329 885 sapiens.
348 808 463 877 Qualia,
478 807 588 885 inquit,
600 817 692 865 rector
704 816 744 864 est
761 810 910 873 ciuitatis,
925 810 992 865 tolet

117 918 142 965 et
155 911 352 964 inhabitantes
363 911 395 963 tn
412 926 455 964 ee.
471 907 507 964 Et
522 906 609 964 simul
626 905 721 964 multae
736 903 995 975 offensiones,ser-
1027 925 1029 938 ·

116 1022 272 1080 monesque
289 1004 337 1081 qui
355 1003 425 1062 oriri
454 1004 549 1062 solent
561 1023 594 1063 ex
608 1004 777 1062 seminarum
793 1002 994 1061 familiaritate

112 1105 248 1163 nitamur.
272 1103 303 1162 Si
319 1104 393 1182 quod
410 1103 486 1162 inter
501 1105 636 1182 conjuges
652 1104 759 1160 oriatur
775 1101 947 1173 dissidium,
961 1101 993 1159 ad

113 1201 335 1263 controversiam
351 1201 521 1272 tollendam,
537 1200 810 1279 animosqueeorum
828 1200 991 1272 sedandos,

112 1302 237 1360 omnium
264 1301 386 1376 priunum
405 1300 433 1357 id
450 1318 536 1376 ages,
553 1312 583 1357 ut
598 1313 717 1377 uterque
732 1298 847 1357 idoneis
872 1298 990 1358 medita·

112 1400 239 1457 tionibus
252 1399 396 1476 preparati
410 1445 417 1468 ,
429 1418 537 1456 saeuam
549 1399 755 1458 consessionem
777 1412 923 1458 anteactae
952 1400 990 1457 in·
1027 1437 1029 1462 t

114 1496 235 1554 stituant
251 1496 314 1553 vitto
330 1516 337 1553 :
353 1495 623 1574 absolutionemque
636 1497 777 1575 tantisper
787 1495 811 1554 si
828 1495 991 1566 videbitur,

114 1595 257 1665 eitteres,
285 1607 316 1653 ut
345 1595 379 1653 ad
410 1596 474 1654 vitae
511 1595 762 1666 emendationem,
792 1596 991 1655 concordiam·

113 1712 169 1772 que
185 1694 259 1751 inter
284 1712 314 1752 se
340 1694 569 1753 constituendam
598 1694 757 1772 paratiores
784 1705 989 1753 revertantur:

112 1792 226 1852 seminis
251 1791 463 1853 affirmantibus
478 1812 509 1852 se
523 1793 634 1853 enixius
649 1791 756 1850 divinis
772 1792 863 1853 rebus
878 1812 991 1874 operam

113 1892 247 1963 daturas,
264 1892 288 1950 si
313 1892 503 1950 abstineanta
529 1889 737 1951 cousuetudine
752 1888 883 1951 virorum
902 1890 991 1953 neuti-

113 2012 196 2070 quam
214 1990 336 2050 bobobis
349 1991 443 2049 fidem.

112 2141 196 2213 §nb
222 2139 282 2194 t'ire'
316 2141 412 2209 potius
440 2155 527 2209 qnam
553 2141 657 2194 exosis
680 2139 881 2209 patrocinium
910 2141 992 2199 eutet'·

474 2241 623 2308 piendum.

153 2388 225 2447 Nam
241 2402 269 2447 et
287 2388 341 2447 ille
369 2386 532 2447 mutliehris
564 2388 658 2447 servor
683 2386 770 2447 facile
793 2388 991 2469 resrigneseit.

114 2502 167 2544 nee
181 2504 307 2563 unquam
331 2484 393 2544 fere
408 2484 563 2564 suscipitur
577 2486 642 2544 sine
657 2484 735 2563 gravi
751 2484 854 2565 aliqua
869 2486 990 2547 viromn

112 2582 279 2642 offensione.
295 2583 398 2643 (loram
412 2602 499 2642 uxore
514 2600 582 2642 eave
605 2584 720 2662 colpum
735 2582 871 2643 conseras
893 2584 923 2643 iu
939 2602 990 2644 ma·

111 2683 216 2753 ritum,
234 2682 363 2767 quumvis
379 2682 453 2742 baud
466 2683 552 2743 dubie
563 2701 652 2761 penes
667 2682 750 2741 ilium
766 2682 804 2741 sit
821 2683 911 2763 eulpa
928 2679 989 2754 ;sed

111 2799 143 2840 re
159 2782 187 2840 in
204 2784 356 2860 praesentia
375 2800 547 2861 suppressa,
571 2780 675 2839 deinde
692 2780 755 2839 sine
773 2779 897 2841 arbitris
911 2826 920 2854 ,
933 2797 991 2840 euu

112 2879 146 2937 ad
161 2879 322 2938 uniuersam
338 2879 425 2939 uitam
452 2878 632 2940 consessione
646 2876 818 2955 expiandam
834 2879 993 2959 impelietg

112 2992 173 3039 tum
186 2998 254 3038 veno
268 2980 323 3038 sub
345 2980 552 3039 eottsessionem
568 2996 652 3055 quam
667 2975 885 3039 modestissime
901 2993 993 3057 repre·

112 3078 234 3138 bessum
250 3078 439 3149 admonebis,
455 3090 485 3137 ut
500 3078 584 3137 enine
607 3075 774 3135 domestieso
789 3076 911 3137 studeat
931 3094 993 3138 eon·

113 3178 228 3238 coriliso.
245 3179 379 3238 Ceterum
406 3179 483 3237 ostani
507 3197 576 3237 eura
590 3224 598 3248 ,
614 3177 642 3235 in
669 3175 697 3235 id
716 3176 774 3235 ouis
790 3176 943 3250 intentus,
958 3194 992 3236 ne

111 3277 200 3371 (quod
219 3275 492 3356 suspiciosissimum
510 3276 655 3355 nogotium
670 3275 724 3353 est)
741 3274 841 3336 uxoris
866 3275 993 3356 patronio

107 3376 236 3437 videaris
250 3376 348 3435 venire
363 3374 582 3435 contravirum.
600 3375 701 3451 Itaque
730 3372 755 3433 is
770 3372 866 3436 amine
882 3394 918 3438 ae
932 3393 992 3437 seu-
