2228 4094
492 299 614 356 ..10-

114 444 276 523 hujusmodi
290 458 346 504 tant
360 447 456 504 multoe
467 457 679 514 construantur,
697 461 780 521 quam
793 442 875 501 multi
892 442 991 501 solent

114 559 178 600 esse
193 541 376 602 confessarii.
396 542 462 602 Sint
486 554 578 602 antem
607 560 706 602 omnes
721 542 755 600 ad
780 559 841 600 eam
867 539 991 598 sormam

114 639 317 711 exaedificatae,
339 641 577 719 quemadmodum
612 640 805 700 ordinavimus
833 640 992 715 generatim

115 756 163 797 eas
177 738 282 798 debere
300 740 438 799 construi.

157 837 191 913 lc)
215 836 431 897 Constituantur
453 850 545 896 autem
574 835 715 914 praedictae
736 835 819 894 sedes
845 835 909 893 loco
932 846 993 892 tam

117 948 236 1013 aperto,
251 949 282 995 ut
300 955 333 993 ex
358 937 434 995 otnni
451 951 531 1013 parte
560 934 687 1014 conspici
711 925 843 1014 p'ossint;
867 934 944 1010 quod
970 935 998 991 si

116 1046 252 1110 praeterea
269 1034 351 1092 locus
366 1033 466 1093 haberi
481 1028 549 1092 talis
560 1034 652 1112 possit
668 1078 676 1101 ,
691 1046 723 1091 ut
739 1031 919 1092 obstaculum
935 1031 994 1089 ali-

116 1133 192 1210 quod
205 1133 363 1193 intercedat
379 1179 387 1205 ,
402 1147 434 1193 ut
447 1134 514 1192 dum
529 1136 594 1212 quis
621 1132 774 1192 confitetur
791 1133 923 1204 ,interea
939 1151 996 1192 cac-

115 1233 169 1290 teri
185 1251 200 1289 a
215 1233 317 1312 spatiis
332 1234 399 1312 plus
409 1253 489 1311 aequo
502 1233 673 1313 propinquis
690 1231 861 1309 trecentum,
879 1232 908 1290 id
925 1232 999 1304 liat;

120 1330 168 1388 ubi
184 1348 250 1390 vero
262 1331 356 1390 malus
371 1350 431 1390 mos
446 1330 555 1409 aliquid
568 1330 688 1400 obtinet,
705 1329 882 1388 confessarii
896 1343 996 1406 partes

118 1442 223 1496 eruut,
249 1430 345 1489 sedem
360 1431 450 1509 ipsam
464 1431 528 1490 loco
544 1448 656 1490 movere
672 1475 680 1498 ‚
695 1428 780 1488 simul
808 1443 837 1488 et
854 1430 995 1506 populum

118 1527 204 1586 nimis
215 1527 340 1587 vicinum
355 1573 362 1598 ‚
378 1541 530 1605 antequam
545 1527 702 1597 consideat,
718 1526 882 1605 propellere
896 1546 903 1583 z
918 1530 996 1604 quod

118 1623 194 1682 idem
210 1624 304 1696 faciet,
319 1623 386 1682 dum
402 1623 430 1682 in
447 1623 675 1684 confessionibus
683 1637 825 1696 versatur,
840 1626 863 1683 si
879 1628 996 1685 occasio

118 1723 255 1801 requiret.

474 1891 594 1952 CAPUT
610 1892 641 1950 V.

200 2072 234 2109 DE
243 2071 426 2112 otsrostttontt
440 2073 542 2111 suffivit
553 2072 690 2113 tuntTtodt
699 2073 910 2114 codttsswtttttt.

166 2213 364 2272 Confessarius
377 2214 406 2271 in
422 2212 507 2290 hujus
526 2215 703 2273 sacramenti
725 2216 974 2276 administratione
990 2269 998 2290 ,

125 2311 166 2369 sic
179 2309 268 2369 animi
283 2310 327 2370 sui
349 2309 526 2388 propositum
538 2311 651 2369 ordinet
666 2357 674 2380 ‚
689 2329 723 2370 ac
749 2313 853 2391 dirigat
877 2331 997 2375 necesse

125 2428 188 2482 est,
206 2424 238 2470 ut
252 2412 351 2471 nullus
366 2429 430 2470 eum
443 2410 564 2469 intuitus
594 2411 735 2470 humanus
758 2430 790 2472 eo
820 2412 970 2490 protrahat
988 2465 995 2485 ‚

120 2513 171 2569 sed
184 2511 244 2570 sola
259 2511 308 2569 Dei
324 2511 415 2589 gloria
436 2523 485 2580 ,ct
498 2511 657 2568 animarum
673 2511 775 2571 salutis
794 2511 967 2571 desideriunt
990 2539 997 2574 :

124 2675 145 2705 c.
161 2659 199 2706 ta.
208 2665 232 2705 et
243 2674 296 2723 quae
307 2658 331 2706 in
345 2659 455 2706 Preciae.
467 2658 575 2705 Meclrlin.
587 2673 624 2705 an.
637 2659 709 2706 root.
723 2658 761 2706 tit.
778 2663 802 2708 5.
822 2677 842 2707 c.
856 2663 881 2707 ἰ).
900 2662 996 2710 Censes·

126 2724 215 2772 sarium
230 2761 237 2784 ‚
249 2733 275 2774 ut
285 2723 389 2787 judicem
405 2740 467 2781 ‚non
478 2722 523 2770 nisi
535 2723 657 2772 sedentem
667 2724 762 2786 dcbcre,
776 2726 826 2774 sive
838 2727 995 2786 saecularium,

126 2791 355 2903 siv‘p'Sacerdotum,
369 2790 412 2838 etsi
431 2790 460 2858 in¹
479 2788 596 2853 dignitate
618 2790 818 2853 constitutorum,
839 2793 996 2842 confessiones

124 2872 153 2902 an
174 2872 216 2903 tre.

161 2937 192 3002 (a)
205 2935 247 2985 His
256 2935 342 2984 similia
351 2935 537 3001 praescribnntur
548 2936 573 2984 in
584 2951 645 2986 novo
655 2940 762 2988 Manaali
771 2941 886 2988 Gamerae.
896 2940 932 2986 liis
942 2957 993 2987 ver·-

126 3004 164 3051 his
176 3021 182 3048 2
196 3003 224 3048 ln
234 3002 337 3049 Ecclesia
350 3036 357 3058 ‚
368 3018 413 3049 non
424 3005 450 3049 ia
457 3004 561 3066 privatis
573 3005 668 3061 cedibus,
684 3005 837 3069 Confessiones
847 3009 935 3061 audiat,
947 3010 995 3053 nisi

126 3069 385 3131 incasuinlirmt'tatis:
409 3076 429 3114 et
448 3076 501 3115 tnnc
523 3070 612 3130 quidem
634 3072 720 3118 decenti
739 3081 759 3119 et
781 3081 858 3135 aperto
871 3073 994 3126 loco,non

126 3135 203 3180 clauso
215 3169 221 3188 ‚
239 3135 261 3178 si
270 3133 375 3180 molieris
393 3133 556 3197 Confessionem
567 3138 658 3198 excipit.
670 3138 757 3183 Habeat
768 3140 793 3183 ia
804 3138 906 3184 Ecclesia
917 3140 991 3184 sedern

128 3197 309 3261 confessionalem
321 3199 506 3254 concrementa,
528 3203 553 3246 ia
562 3202 692 3262 propatulo*
706 3205 818 3263 positam,
845 3210 870 3247 nt
893 3205 996 3263 audique

128 3265 228 3326 conspici
234 3264 305 3324 possit
316 3283 323 3307 :
333 3267 358 3309 in
369 3281 414 3325 qua
431 3272 538 3325 tamqnam
549 3265 625 3312 tontes
636 3268 710 3314 sedeat
725 3302 732 3322 ‚
744 3268 847 3313 odltidito
861 3267 945 3313 lamine
957 3309 963 3324 ,
975 3275 997 3316 si

128 3332 298 3378 tenebraesunt.
312 3329 432 3386 Quomodo
443 3331 514 3377 etiarn
525 3330 633 3394 loquitur
643 3332 770 3395 Episcopus
783 3334 884 3379 Atrebat.
909 3333 932 3379 in
953 3351 998 3383 sno

127 3397 190 3444 Man.
203 3393 247 3441 hos
258 3408 318 3443 anno
331 3395 395 3444 1625
406 3393 477 3442 edito.
