2220 4102
555 353 697 412 -150-

136 469 286 561 ''Mum
303 519 378 580 saepe
392 499 602 579 paenitentibus
621 545 629 568 ‚
643 498 693 559 sed
709 509 737 557 et
752 496 945 556 Consessariis
958 497 1070 576 pericu·

192 599 285 658 losum
300 610 344 658 est
361 645 369 670 ‚
384 598 434 677 qui
446 597 588 658 castitatis
611 597 778 656 thesaurum
793 605 821 654 et
835 595 892 674 ipsi
912 607 1033 674 portant
1043 594 1071 653 in

191 696 267 757 vasis
281 696 407 756 fletibus.

519 827 639 887 CAPUT
654 825 732 887 xlll.

498 995 532 1034 llll
545 994 759 1036 sestssacetortn.

231 1124 263 1180 ln
284 1121 400 1181 mulctis
415 1133 509 1181 autem
524 1123 730 1201 poenitentibus
743 1121 927 1200 imponendis
956 1134 1070 1184 servent

192 1220 325 1280 traditam
341 1221 560 1281 aSaerosuncto
588 1221 720 1282 Concilio
744 1220 916 1281 Tridentino
944 1221 986 1299 (l)
1012 1234 1068 1282 ete

191 1318 339 1397 plerisque
354 1318 518 1378 Ritualibus
533 1364 541 1390 ‚
556 1330 584 1378 et
599 1317 831 1378 ellechliniensi
847 1317 965 1397 Synodo
985 1321 1011 1378 ll
1026 1319 1069 1377 di-

190 1428 266 1476 serte
281 1434 445 1494 expressam
472 1417 634 1493 Regulam,
658 1426 691 1475 nt
715 1428 857 1489 qnantum
884 1416 1017 1491 Spiritus
1043 1428 1068 1476 et

186 1519 343 1587 prudentia
357 1518 530 1588 successerit
543 1533 597 1586 pro
621 1515 762 1585 qualitate
779 1521 932 1574 criminum
947 1560 955 1583 ,
970 1526 998 1574 et
1010 1535 1069 1590 pn·

188 1616 343 1670 nitentium
356 1617 494 1684 facultate
506 1655 514 1680 ‚
525 1615 669 1670 salutares
683 1623 708 1670 et
720 1602 919 1673 convenienter
932 1619 1068 1686 satisfac·

188 1715 279 1766 tiones
293 1714 453 1784 ininnyant
467 1754 475 1778 ,
492 1729 555 1783 qua
569 1728 628 1768 non
643 1719 757 1768 tantum
770 1714 829 1768 sint
844 1715 881 1769 uel
905 1730 989 1770 novo
1003 1717 1067 1771 uita

187 1813 368 1877 custodiam,
385 1818 411 1867 et
423 1813 603 1882 infirmitatis
624 1813 882 1877 medicamentum,
908 1815 957 1868 sed
983 1816 1068 1870 etiarn

186 1912 225 1964 ael
236 1911 450 1979 proeteritorum
465 1915 648 1979 peccatorum
672 1909 830 1964 uindictam
846 1915 872 1963 et
898 1913 1068 1982 rusticatio-

187 2025 262 2062 nem.

226 2102 394 2162 Audiendus
409 2100 458 2158 hic
470 2118 585 2178 quoque
601 2101 631 2159 S.
644 2099 765 2159 Carolus
779 2121 786 2158 :
802 2101 841 2177 (⁴2)
857 2101 1067 2174 Conseeeariue,

185 2199 339 2276 inquiens:
358 2203 580 2269 circumspectae
598 2215 655 2254 eree
669 2201 766 2265 debet,
791 2217 826 2254 ne
852 2204 923 2256 adeo
938 2203 1015 2258 leaeo
1041 2211 1068 2259 et

184 2301 282 2369 faciles
293 2302 352 2355 sint
367 2299 580 2379 satisfactiones
593 2339 602 2363 ,
614 2304 647 2353 ut
657 2305 784 2369 potestas
798 2299 925 2355 clunium
946 2303 982 2355 in
996 2319 1064 2357 eon·

185 2405 320 2470 temptum
334 2400 465 2456 veniat...
480 2399 671 2468 aequanimis
695 2414 796 2469 croces
824 2404 876 2452 aut
904 2399 997 2470 lenate
1017 2402 1069 2471 ju·

184 2496 322 2558 beantur,
340 2501 373 2549 ut
398 2496 444 2549 cel
456 2500 587 2548 recusent
602 2509 651 2548 eae
665 2496 769 2562 eccequi
783 2536 791 2560 ,
807 2494 851 2549 uel
878 2495 996 2551 etiamsi
1018 2514 1067 2552 oc·

182 2590 393 2660 ceptaelcabent
407 2629 415 2654 ,
429 2597 528 2659 postea
558 2597 652 2644 tamen
676 2591 758 2661 plene
783 2607 842 2648 non
863 2595 1064 2663 perficiant...

182 2689 278 2744 leacin
301 2692 385 2758 parte
409 2688 523 2759 intecro
544 2688 657 2758 judicio
684 2696 712 2744 et
738 2706 929 2760 personarum
954 2694 1067 2750 delectu

181 2793 299 2841 utentur
314 2803 323 2849 3
336 2800 396 2842 non
409 2787 486 2842 enim
500 2787 630 2842 omnibus
653 2789 750 2844 omniu
764 2791 948 2844 conveniunt.
967 2789 1065 2856 Quare

180 2899 238 2938 non
248 2884 384 2939 mandent
396 2887 575 2956 pauperibus
586 2893 618 2942 ut
646 2887 805 2944 liberaliter
831 2888 961 2944 tribuant
982 2889 1065 2946 Elee-

179 2998 330 3053 mosynae,
346 2998 435 3053 neque
463 2986 514 3050 iis,
530 2987 583 3056 qui
597 2987 745 3044 diuturnis
774 2987 926 3042 sudoribus
952 2991 1065 3045 uictum

178 3083 234 3137 eibi
245 3082 359 3151 euinque
371 3082 526 3149 queritant
538 3123 546 3146 ,
555 3085 673 3154 jejunia
686 3084 815 3155 proliaco.

219 3174 387 3239 Audiendas
401 3193 516 3253 quoque
527 3175 558 3235 S.
574 3178 745 3238 Franciseus
759 3178 889 3238 Selesius
905 3199 911 3239 :
931 3180 970 3258 (5)
985 3182 1062 3241 Con-

212 3303 247 3371 (l)
264 3303 326 3352 Sess-
339 3304 378 3350 ll.
393 3302 449 3368 Cup.
464 3303 489 3352 8.

209 3387 247 3454 (2)
260 3389 374 3436 loeti-uel.
385 3401 407 3434 e.
418 3386 463 3434 20.

209 3472 244 3534 (3)
255 3470 318 3519 lbid.
331 3485 353 3518 e.
368 3469 392 3519 8.
