2220 4102
504 313 604 369 ..7-

116 455 330 515 Sacramentum
357 455 493 515 exhibere
532 468 639 534 queant
657 457 779 535 ,cujus
808 454 920 532 quidem
947 455 991 512 rei

116 555 227 629 scripto
242 554 325 614 nobis
336 553 420 612 fidem
437 554 547 613 dabunt
562 573 633 625 ,nec
648 553 733 613 aliter
745 571 794 613 eos
806 552 990 612 admittimus.

156 654 292 743 Prompto
306 672 338 712 ac
350 667 448 731 parato
464 653 558 712 animo
575 655 609 712 ad
624 653 820 713 consessiones
834 651 992 711 audiendas

118 751 275 822 accedant,
291 752 455 830 evitentque
469 751 634 830 diligenter,
656 771 711 811 non
725 753 816 811 solum
831 751 864 810 ad
880 750 993 809 subter-

119 849 281 927 fugiendum
295 849 421 909 laberem
439 896 445 918 ,
461 868 513 909 nec
530 850 716 909 submoveant
739 848 937 928 intempestive
948 867 995 906 ve-

120 948 231 1007 nientes
246 948 280 1007 ad
295 967 324 1006 se
337 947 492 1007 confitendi
517 948 626 1026 gratia,
647 947 696 1007 sed
719 966 812 1026 neque
829 947 929 1026 signo,
946 957 994 1004 aut

119 1046 214 1106 verbis
228 1045 299 1105 ullis
312 1065 370 1122 prae
385 1064 417 1104 se
433 1045 547 1114 lerant,
567 1065 641 1124 aegre
656 1064 686 1105 se
701 1057 877 1125 graratoqne
900 1047 994 1104 auimo

118 1145 311 1205 consessiones
325 1164 422 1204 eorum
450 1146 601 1224 excipere;
623 1164 679 1224 quo
704 1145 801 1224 potins
818 1145 857 1203 ita
873 1164 904 1205 se
919 1164 996 1204 com-

118 1257 244 1322 parent,
261 1259 291 1303 ut
304 1245 466 1324 intelligant
481 1248 653 1324 poenitentes
668 1293 676 1316 ,
705 1263 754 1305 eos
769 1244 872 1304 salutis
896 1263 995 1303 eorum

119 1361 205 1402 causa
220 1344 338 1402 multum
354 1344 450 1403 solatii
465 1357 494 1404 et
508 1344 604 1422 gandii
620 1361 654 1403 err
681 1343 717 1403 iis
749 1342 897 1403 laboribus
924 1344 997 1401 hau-

120 1442 189 1501 rire.

158 1543 362 1602 Exhaceorum
375 1544 524 1602 alacritate
535 1554 668 1602 nascetur
679 1542 764 1600 etiam
774 1542 829 1600 boc
840 1541 993 1606 commodi,

118 1660 155 1700 ne
168 1641 340 1719 poenitentes
354 1643 565 1701 excusationem
580 1641 686 1720 justam
702 1652 860 1717 praetexere
872 1638 993 1718 possint,

118 1759 150 1799 se
166 1758 222 1798 non
237 1759 300 1799 esse
315 1741 461 1800 confessos
476 1787 483 1811 ,
500 1739 622 1798 manime
648 1739 752 1816 quibus
767 1737 943 1815 temporibus
958 1737 993 1793 ad

117 1840 150 1899 id
166 1850 300 1898 tenentur
313 1885 320 1909 ,
335 1858 386 1916 per
397 1839 522 1916 speciem
535 1838 616 1916 quasi
629 1837 858 1896 commoditatem
870 1855 926 1894 non
945 1837 997 1892 ba-

121 1935 250 1995 buerint.
264 1936 403 1994 Praeterea
416 1948 511 1993 autern
534 1934 722 1992 admonemus
737 1932 935 1992 confessarios
952 1979 959 2002 ,
972 1934 997 1991 si

122 2032 171 2091 uel
186 2032 221 2090 ad
237 2030 393 2108 exequias,
409 2031 453 2090 vel
470 2031 577 2109 quaevis
604 2030 661 2089 alia
676 2029 880 2089 Ecclesiastico
904 2030 999 2088 munia

123 2131 193 2190 illos
208 2130 480 2210 evocarieontingat,
494 2130 549 2189 nisi
558 2149 640 2190 causa
648 2147 764 2209 prorsus
775 2129 812 2189 sit
826 2131 1000 2198 necessaria,

122 2243 154 2288 ut
170 2247 205 2288 ne
219 2228 413 2288 consessiones
435 2241 587 2309 propterea
614 2229 660 2287 rel
689 2228 922 2305 interrumpent,
950 2228 995 2286 vel

120 2327 312 2386 intermittant
340 2325 503 2396 indiebus,
533 2326 637 2404 quibus
664 2325 875 2403 frequentiores
905 2324 1000 2383 solent

119 2444 294 2494 occurrere,
316 2424 435 2482 maxime
455 2424 592 2495 octiduo,
609 2437 658 2484 ant
684 2423 811 2501 amplius
834 2435 900 2481 ante
924 2422 999 2480 diem

120 2527 246 2585 natalem
258 2525 292 2583 D.
308 2525 342 2582 N.
354 2526 420 2584 lesu
436 2524 543 2583 Christi
560 2570 568 2595 ,
583 2524 612 2583 in
624 2522 845 2602 Quadragesima
860 2569 867 2591 ,
883 2534 912 2580 et
927 2540 1000 2600 prae-

120 2628 207 2703 cipue
225 2625 299 2683 circa
317 2624 439 2682 medium
454 2624 536 2683 illins
550 2642 641 2701 usqne
658 2622 692 2682 ad
716 2637 842 2683 octavam
860 2622 976 2680 Paschae
995 2669 1002 2691 ,

122 2722 275 2782 nonnullis
290 2721 373 2781 etiam
385 2721 486 2781 diebus
501 2769 508 2792 ,
524 2741 609 2799 quum
625 2721 770 2780 lubileum
789 2720 999 2798 promulgatum

121 2836 166 2882 est
180 2869 187 2890 ,
203 2820 324 2898 aliisque
339 2820 553 2879 solennioribus
582 2819 676 2878 Fastis
690 2865 697 2883 .
724 2819 827 2896 quibus
845 2861 852 2882 ,
868 2830 898 2874 ut
909 2818 1001 2894 pluri-

122 2940 199 2980 mum
214 2965 222 2990 ,
237 2918 383 2996 populna,
411 2917 457 2977 vel
473 2918 566 2977 omnis
583 2962 591 2987 ,
612 2917 657 2975 vel
673 2935 706 2975 ex
723 2916 825 2995 majori
855 2929 936 2991 parte
964 2915 997 2972 ad

123 3018 315 3080 consessionis
331 3018 546 3076 Sacramentum
562 3015 693 3075 conlluit.

165 3116 305 3195 Cupimns
315 3115 400 3174 etiam
412 3115 441 3172 in
454 3113 621 3172 buncfinem
632 3113 803 3192 Superiores
814 3113 998 3190 Regulariom

124 3214 265 3274 certiores
280 3232 312 3272 ea
328 3212 364 3270 de
390 3230 420 3270 re
445 3210 572 3269 redditos
596 3223 627 3268 nt
653 3209 796 3288 praedietis
821 3210 998 3287 temporibus

124 3323 303 3388 procurent,
332 3322 468 3388 quantum
498 3309 644 3387 potuerint
671 3326 817 3368 numerum
846 3307 999 3366 maximum

127 3409 371 3469 Confessariorum
386 3455 394 3478 ,
408 3410 458 3487 qui
469 3409 597 3470 doctrina
611 3421 641 3468 et
663 3408 765 3467 timore
781 3407 891 3466 Domini
910 3406 999 3482 insig-
