2228 4094
552 274 695 334 —158-

182 429 276 484 medic
300 426 526 497 interciperent
550 431 577 479 et
597 425 749 480 lenitatem
774 423 904 479 incedere
936 432 1062 495 nerunt,

183 523 225 582 uti
240 522 419 583 commendat
434 520 607 580 Benedictus
617 520 680 579 xtv
693 519 729 578 de
744 518 859 598 Synodo
871 519 925 579 lib.
937 521 990 580 ΧΠ
1006 540 1064 601 cap.

185 623 268 694 6.‚et
285 631 371 700 prout
399 621 461 698 ipse
491 619 577 678 etiam
604 617 846 695 Archiepiscopus
872 631 901 677 ct
930 619 1063 699 Episcopi

183 719 274 799 Belgii
289 717 528 798 praescripserunt
543 717 571 775 in
599 716 718 776 decreto
734 717 773 775 25
788 715 900 793 Aprilis
928 719 1009 778 teet
1024 718 1063 777 his

185 817 308 878 verbis:
332 835 383 875 nee
405 819 581 875 declinantes
605 820 643 873 ed
668 819 801 873 dextram
825 818 912 873 nimii
942 820 1062 890 ciceris,

183 936 273 992 nepae
301 920 339 975 ccl
363 919 514 973 eiaietreat
531 932 670 989 peruersa
696 916 856 979 lectitetur,
880 918 1011 974 luceant
1034 919 1063 971 in

184 1034 255 1075 enno
271 1017 452 1073 coloncello.
469 1014 577 1092 Synod.
590 1013 670 1092 Belg.
686 1024 753 1073 tom.
768 1016 796 1072 l.
811 1030 874 1092 pag.
890 1013 963 1073 619.

224 1112 256 1172 st
271 1111 299 1169 iu
315 1110 519 1171 confessionali
535 1121 667 1171 occurrat
681 1126 766 1170 casus
781 1109 880 1169 solutu
894 1109 1039 1170 difficilior
1055 1155 1062 1181 ,

184 1207 335 1288 poenitenti
350 1210 490 1268 suadeant
506 1219 537 1267 ut
558 1225 728 1286 responsum
756 1218 930 1286 accepturus
945 1208 1063 1293 redeat¹

185 1318 272 1385 atque
285 1305 401 1366 interim
417 1306 570 1366 consilium
587 1325 602 1366 a
623 1306 755 1385 sapiente
777 1306 948 1384 perquirant
959 1318 987 1367 et
1001 1325 1062 1367 auc-

185 1416 263 1464 tores
277 1403 433 1463 consulant
447 1404 496 1482 qui
510 1448 520 1476 ‚
534 1415 565 1463 ut
580 1404 621 1462 ait
648 1403 723 1463 idem
748 1403 884 1463 Summus
912 1404 1042 1466 Pontifex
1056 1449 1063 1473 ‚

184 1505 278 1575 mocio
297 1503 374 1558 inter
398 1509 511 1559 eoeteeoe
533 1503 746 1574 predicantem·
761 1504 864 1560 deinde
892 1519 942 1560 ece
964 1511 1061 1574 perles

185 1601 344 1670 concipient
362 1614 436 1669 qnae
457 1605 519 1655 tem
545 1600 660 1656 cellone
686 1606 747 1656 lum
775 1601 952 1656 auctoritate
978 1601 1063 1672 plene

184 1699 371 1766 confirmatae
386 1697 560 1770 intelligent.
576 1693 700 1754 Constit.
729 1693 784 1752 Vico
798 1699 939 1769 pervenit.

603 1855 654 1915 111.

226 2001 265 2061 Ut
280 2017 380 2062 omnes
395 2012 536 2080 quotquot
551 2012 618 2062 sunt
633 2001 803 2062 confessarii
816 2001 951 2065 dioecesis
965 2018 1063 2066 nostrae

186 2096 215 2156 in
230 2117 300 2157 sano
315 2111 375 2157 tuto
390 2097 483 2159 medio
498 2117 613 2177 semper
629 2101 799 2172 consistant,
812 2112 899 2180 atque
913 2103 944 2164 iu
962 2104 1064 2165 uuitntc

185 2192 304 2271 spiritus
319 2239 327 2264 ‚
340 2193 368 2253 in
384 2193 590 2254 sententiarum
605 2199 795 2259 consensione
807 2210 836 2258 et
847 2200 947 2278 praxis
961 2202 1064 2261 unifor-

184 2290 284 2352 mitate
294 2291 417 2352 salutem
432 2291 561 2353 fidelium
574 2293 976 2374 efficacissimepromoveaut‚
991 2299 1063 2358 Con·

185 2389 539 2462 ciliorum‚Summorum
567 2394 735 2453 Pontificum
763 2407 792 2454 et
825 2396 1062 2473 praedecessorum

183 2499 344 2547 nostrorum
358 2487 474 2548 decreta
486 2508 519 2549 ac
534 2489 646 2568 regulas
661 2491 689 2550 in
707 2493 848 2553 Pastorali
861 2494 1060 2556 Mechliuiensi

185 2583 368 2664 praescriptas
383 2602 497 2662 semper
520 2605 578 2665 prae
594 2587 686 2646 oculis
703 2589 836 2650 habeant.
864 2591 989 2671 insuper
1003 2610 1064 2672 per·

184 2683 301 2744 volvant
314 2682 422 2744 monita
436 2703 499 2762 quae
520 2685 660 2745 asanctis
685 2688 859 2767 Episcopis‚
877 2690 1027 2767 speciatim
1051 2708 1065 2748 a

184 2781 214 2843 S.
230 2780 333 2842 Carolc
345 2785 526 2855 Borromaeo,
542 2802 557 2843 a
572 2785 602 2845 S.
623 2785 777 2846 Francisce
794 2787 907 2847 Salesio
923 2789 1007 2860 ‚aS.
1020 2788 1065 2849 ΑΙ-

183 2876 295 2955 phonso
320 2878 435 2957 Ligurio
462 2879 497 2939 ad
523 2900 605 2940 usum
634 2882 874 2942 confessariorum
900 2885 1064 2946 dioecesium

183 2974 239 3036 sihi
251 2975 465 3036 commissarum
481 2978 558 3038 edita
574 2978 701 3039 inerunt.
719 2981 890 3060 Exemplum
906 2983 995 3044 etiam
1018 3002 1064 3044 su-

185 3085 262 3132 mant
275 3091 292 3132 a
307 3072 415 3134 sanctis
429 3075 629 3136 sacerdotibus
645 3077 694 3157 qui
718 3078 748 3137 in
764 3078 945 3158 excipiendis
960 3082 1066 3142 confes-

183 3170 315 3231 sieuibus
339 3172 494 3250 specialem
514 3175 607 3234 zelum
634 3188 662 3235 et
690 3177 871 3256 prudentiam
902 3179 1067 3241 exhibuisse

184 3279 364 3341 noscuntur,
381 3281 443 3328 uta
465 3270 496 3330 S.
523 3272 678 3334 Francisco
703 3276 823 3336 Xarcrio
846 3276 983 3357 aliisque.
1006 3277 1066 3339 Nou

184 3365 260 3428 euim
272 3365 514 3428 dubitandumest
528 3369 597 3448 quin
613 3373 721 3434 monita
736 3373 882 3453 etpraxim
893 3374 1065 3438 Sanctorum
